2114 3289
359 141 429 191 48
595 156 711 192 GAP.
756 154 807 190 11.
854 153 915 188 DE
960 153 1209 189 FONTIBUS
1251 152 1388 188 JURIS
1434 151 1675 189 CANONICI

278 261 340 317 de
389 281 488 336 quo
535 261 684 335 plane
733 269 956 327 constet,
999 277 1098 314 non
1141 257 1414 326 fulciatur,
1458 259 1595 313 omni
1640 259 1688 312 vi
1730 268 1777 311 et
1807 257 1993 312 -effectu

276 368 429 412 caret.

355 447 526 504 Altera
588 467 703 504 vero
763 447 1043 516 sententia,
1104 465 1232 519 quae
1285 445 1527 519 plurimos
1570 445 1723 501 hahet
1764 456 1991 500 auctores

277 544 402 598 haec
461 554 569 597 est:
631 540 988 597 consuetudine
1041 538 1434 595 immemorabili
1475 537 1735 594 facultates
1779 537 1842 594 ad
1887 536 1994 593 Ro-

278 656 481 692 manum
524 634 825 690 Pontificem
861 636 972 706 jure
999 635 1254 691 communi
1280 634 1580 707 pertinentes
1607 634 1801 706 acquiri
1826 651 1993 707 posse,

276 750 388 786 cum
442 732 492 784 in
535 749 592 784 ea
635 730 958 803 privilegium
1000 728 1332 803 apostolicum
1373 725 1659 782 interfuisse
1699 728 1808 797 jure
1849 746 1993 800 prae-

277 836 520 880 sumatur.
583 823 767 896 Majus
827 821 1141 895 difficultatis
1183 831 1535 887 momentu-m,
1579 823 1650 876 ait
1690 819 1991 876 Benedictus

275 916 418 974 XIV.
464 917 526 972 de
568 916 761 988 Synod.
807 915 1036 973 Dioeces.
1081 917 1172 972 lib.
1199 913 1349 971 XIII.
1378 934 1489 989 cap.
1539 919 1590 971 8.
1635 935 1685 971 n.
1726 916 1840 985 21„
1882 931 1993 968 ver-

274 1013 403 1065 titur
444 1012 584 1066 circa
626 1010 907 1083 privileqia
955 1020 1293 1082 praesumpta
1311 1052 1332 1077 j
1376 1008 1468 1063 lioc
1510 1019 1581 1064 est
1620 1028 1687 1063 ex
1728 1009 1992 1064 inimemo-

276 1105 436 1161 rabili
480 1105 844 1160 consuetudine
876 1107 1060 1178 petita.
1106 1103 1287 1176 Aliqui
1328 1104 1503 1171 enim,
1547 1121 1766 1176 qaorum
1808 1121 1992 1176 aqnien

277 1201 419 1254 (lucit
462 1201 706 1255 Ostiensis
749 1200 805 1253 in
847 1218 961 1272 cap.
1009 1202 1136 1254 Cani
1178 1198 1441 1270 contingat
1483 1199 1676 1271 defer.
1712 1208 1987 1271 competen.

276 1296 382 1350 vim
423 1296 555 1351 lianc
605 1295 1004 1350 immemorabili
1062 1295 1219 1350 inesse
1267 1305 1571 1367 perneqant.
1634 1297 1828 1349 Contra
1873 1311 1991 1348 vero

280 1390 376 1446 alii
412 1392 591 1445 elocent
615 1413 631 1444 .·
684 1391 760 1445 ita
793 1400 912 1462 post
954 1390 1396 1445 Arcleieliaconum
1437 1390 1581 1444 docet
1619 1392 1842 1443 Joannes
1884 1392 1990 1443 An-

278 1485 430 1540 dreas
490 1486 546 1539 in
604 1504 718 1558 cap.
782 1488 909 1539 Cam
951 1484 1236 1557 Episcopus
1294 1484 1384 1539 snb
1440 1502 1584 1541 num.
1642 1486 1692 1540 1.
1737 1483 1799 1538 cle
1849 1483 1987 1556 Ollio.

284 1579 565 1634 Ordinarii
606 1580 657 1633 in
712 1583 804 1646 6.,
864 1578 1038 1650 hisque
1096 1579 1373 1633 assentitur
1431 1582 1714 1651 Faqnanus
1772 1579 1830 1632 in
1871 1596 1987 1651 cap.

279 1672 488 1730 NULLus
529 1694 581 1730 n.
631 1679 722 1731 522.
768 1675 830 1728 ele
872 1674 1165 1730 Parocliiis.
1210 1676 1382 1728 Porro
1423 1673 1544 1728 haec
1585 1672 1760 1745 opinio
1799 1672 1858 1726 in
1898 1691 1991 1727 an·
2068 1698 2073 1707 ·

279 1768 523 1823 tccedenti
582 1770 781 1823 decreto
841 1768 968 1824 anni
1030 1770 1232 1838 1721.‚
1276 1786 1335 1823 ac
1377 1768 1433 1821 in
1473 1766 1762 1821 successivis
1802 1766 1991 1821 nostris

276 1862 582 1935 Apostolicis
611 1863 1067 1918 Constitutionibas
1091 1863 1193 1935 fnit
1234 1862 1592 1935 comprobata3
1636 1862 1765 1915 inest
1804 1861 1991 1934 qnippe

279 1957 680 2012 immemorabili
733 1957 1090 2012 consuetudini
1140 1958 1255 2030 ipsa
1296 1957 1449 2012 etiam
1494 1957 1792 2029 Apostolica
1817 1966 1991 2011 ancto-

278 2053 433 2119 ritaS,
479 2053 724 2124 qnoniam
767 2052 833 2120 is,
860 2052 948 2124 qni
991 2051 1223 2126 ejusdem
1255 2051 1525 2124 praesidio
1564 2051 1804 2124 falcitnr,
1826 2060 1990 2123 potest

279 2148 632 2218 quodcumqae
667 2147 1003 2220 pricilegyinni
1045 2146 1384 2220 apostolicam
1425 2147 1669 2219 alleqare.
1723 2145 1990 2203 Decretum

277 2256 442 2298 autem
486 2263 566 2299 an.
615 2246 788 2299 1721.
831 2256 903 2298 est
945 2244 1256 2315 hujusmodi.
1301 2242 1571 2317 Proposito
1599 2243 1753 2300 dubio
1780 2244 1988 2299 selectae

277 2336 668 2409 Congregationi
720 2338 825 2395 EE.
880 2337 1232 2394 Cardiualium
1290 2350 1338 2392 et
1395 2336 1731 2408 Praesulnm,
1792 2355 1862 2392 an
1920 2338 1992 2392 ad

276 2432 504 2486 tramites
532 2450 800 2487 sacrorum
843 2436 1133 2499 Celtianum,
1159 2432 1391 2503 sacrique
1424 2433 1734 2504 praesertim
1774 2430 1992 2486 Concilii

279 2527 575 2581 Tridentini
623 2527 787 2598 possit
830 2527 1049 2598 inferior
1092 2527 1371 2581 Praelatas
1414 2526 1737 2580 territorium
1780 2544 1990 2597 separa-

279 2631 424 2687 tam³
469 2632 513 2674 et
548 2620 973 2694 jurisdictionem
1016 2621 1351 2675 ordinariam
1392 2631 1438 2674 et
1478 2620 1627 2691 qnasi
1653 2619 1990 2691 episcopalem

279 2716 333 2767 in
377 2717 581 2769 Clernm
623 2726 667 2768 et
718 2715 974 2787 papulam-
1032 2733 1145 2768 cnm.
1206 2716 1367 2787 ipsias
1410 2715 1653 2788 Episcopi
1697 2714 1989 2767 exclusione

278 2810 329 2861 in
392 2809 565 2881 aliquo
625 2809 832 2882 speciali
892 2809 1002 2862 loco
1062 2812 1327 2880 acquirere
1367 2828 1464 2881 per
1507 2809 1988 2880 qnadraqenariam

268 2905 726 2978 praescriptionem
769 2923 883 2960 cam
925 2903 1074 2959 titulo
1114 2903 1378 2974 colorata,
1421 2904 1593 2961 eadem
1647 2901 1985 2976 Congregatio
