2114 3289
365 151 437 202 60
603 168 718 206 GAP.
764 169 816 205 11.
863 169 923 205 ΒΕ
968 169 1216 209 FoNTmns
1257 174 1398 210 sums
1441 174 1685 212 θΑΝοΝιθι

360 267 618 329 Primatus
661 275 794 328 enim
835 273 1202 345 jurisdictionis
1249 271 1262 346 (
1308 278 1444 350 quod
1487 298 1640 352 supra
1683 279 1872 334 dictum
1906 293 2000 350 est,

279 376 327 420 et
369 365 637 422 dicendum
679 379 752 422 est
794 364 1068 443 saepius),
1110 388 1173 424 ex
1200 369 1492 426 definitione
1535 371 1754 429 Concilii
1797 372 2003 430 Floren-

278 461 392 530 tini,
452 473 525 516 est
580 462 727 535 plena
786 474 1006 536 potestas
1066 483 1094 518 a
1155 462 1219 519 D.
1280 461 1351 520 N.
1411 464 1531 522 Jesu
1592 465 1798 524 Christo
1848 466 2003 524 Petro

276 555 482 627 ejusque
525 554 914 612 Successoribus
959 558 1147 613 tradita
1182 560 1457 631 pascendi,
1484 562 1725 632 regendi,
1754 573 1799 615 ec
1823 562 2005 634 qaber-

275 649 443 702 nandi
483 650 826 705 ‘cinit-ersalem
866 652 1168 710 Ecclesiam.
1213 651 1280 708 At
1306 654 1562 727 quomodo
1589 654 1829 711 Pontifex
1853 658 2001 731 plena

274 762 386 798 cum
427 756 670 817 potestate
710 759 900 819 pascet,
944 760 1081 819 reget
1139 749 1540 823 gubernabitque
1601 748 1904 821 Ecclesiam,
1957 753 2001 807 si

275 850 484 910 nequeat
525 839 659 911 leges
703 843 979 916 imponere,
1022 845 1386 917 praescribere,
1429 845 1630 916 jubere,
1682 843 1881 902 vetare?

353 931 455 988 Sed
498 931 755 1006 Pontifex,
798 938 1050 1011 inquiunt,
1093 938 1226 1010 leges
1270 938 1399 994 ferre
1424 951 1606 1014 potest,
1632 938 2003 1015 Episcoporum

273 1039 347 1082 est
389 1048 506 1085 vero
549 1033 852 1106 perspicere,
897 1050 989 1087 an‘
1020 1033 1154 1104 leges
1214 1034 1354 1107 ipsae
1414 1036 1622 1109 proprio
1682 1036 1824 1106 gregi
1882 1054 2000 1091 con-

276 1123 494 1180 veniant.
554 1124 621 1180 At
680 1146 797 1182 vero
840 1129 884 1182 si
945 1130 1221 1203 acceptatio
1281 1128 1650 1204 Episcoporum
1703 1129 1999 1204 postuletur,

272 1227 540 1291 antequam
580 1219 663 1276 lex
705 1222 969 1293 obligandi
1013 1224 1115 1278 vim
1174 1224 1379 1294 habeat,
1440 1224 1567 1281 illud
1627 1243 1822 1299 semper
1880 1244 2000 1280 con->

270 1313 496 1394 sequitur
536 1326 833 1388 potestatem
875 1315 1133 1374 Primatus
1177 1331 1262 1374 aut
1304 1319 1496 1374 nullam
1538 1338 1666 1388 esse,
1710 1331 1795 1374 aut
1847 1319 1996 1388 meri,

270 1418 324 1461 ut
383 1409 542 1479 ajunt,
602 1410 889 1482 clirertorz‘i,
950 1415 1069 1486 quia
1129 1412 1367 1469 Pontifex
1419 1433 1519 1470 non
1579 1414 1740 1485 legem
1791 1415 1995 1488 proprie

270 1503 525 1574 conderet,
569 1505 656 1560 sed
699 1520 1017 1581 proponeret:
1061 1507 1303 1583 Episcopi
1348 1528 1464 1564 vcro
1527 1508 1601 1564 vel
1661 1519 1996 1582 acceptarent,

268 1597 344 1651 vel
388 1617 486 1653 non
531 1599 868 1657 admitterent.

347 1690 415 1746 At
459 1712 575 1748 vero
628 1693 881 1751 Zallwein
925 1708 972 1750 et
1014 1696 1222 1769 quidam
1267 1696 1356 1752 alii
1400 1695 1704 1753 Canonistae
1755 1698 1993 1766 sentiunt,

267 1783 344 1840 fas
387 1787 612 1860 profecto
656 1789 922 1864 Episcopis
969 1787 1293 1866 (EpiscopiS,
1348 1792 1577 1865 inquam,
1621 1811 1721 1847 non
1765 1790 1985 1866 populo)

268 1898 374 1934 esse
417 1879 724 1939 Pontificum
766 1885 899 1955 leges
934 1886 1234 1960 expendere,
1279 1906 1463 1960 easque
1507 1905 1605 1942 non
1647 1887 1991 1960 promulgare,

266 1976 678 2051 quotiescumque
720 1980 877 2053 probe
927 1982 1156 2036 noverint
1205 1981 1442 2052 gregibus
1497 1983 1600 2036 suis
1644 1981 1866 2049 inutiles,
1909 1980 1991 2036 vel

266 2071 447 2126 noxias
491 2070 616 2142 fore,
644 2092 742 2129 non
785 2074 921 2148 quod
948 2088 1243 2149 potestatem
1286 2075 1607 2130 ferendarum
1649 2075 1836 2147 legum,
1880 2075 1993 2148 qui-

265 2164 359 2220 bus
402 2166 709 2224 christianus
753 2171 972 2244 populus
1011 2172 1280 2242 obligetur,
1323 2149 1375 2226 in
1404 2170 1654 2227 Pontifice
1695 2191 1795 2228 non
1837 2189 1994 2241 agno-

265 2273 426 2331 scant,
471 2262 558 2317 sed
611 2265 747 2337 quod
791 2284 847 2321 ea
891 2267 957 2321 sit
1006 2265 1334 2322 Sunnnorum
1377 2265 1682 2321 Pontificum
1739 2267 1989 2333 voluntaS,

264 2366 316 2409 ut
366 2374 490 2411 suae
530 2344 664 2428 leges
717 2378 815 2415 non
867 2362 1267 2434 promulgentur,
1310 2362 1353 2416 si
1405 2360 1672 2435 Episcopis
1724 2360 1991 2415 videantur

261 2453 374 2525 plus
419 2453 592 2509 obesse
634 2474 800 2529 posse,
845 2475 997 2529 quam
1049 2456 1304 2531 prodesse.
1359 2453 1440 2511 Ad
1485 2476 1637 2529 quam
1690 2457 1987 2512 sententiam

261 2548 664 2604 confirmandam
714 2550 973 2624 proferunt
1015 2570 1126 2625 cap.
1175 2554 1200 2604 1
1252 2551 1312 2606 de
1355 2549 1570 2607 Constit.
1616 2552 1668 2605 in
1715 2554 1745 2604 6
1792 2569 1901 2623 cap.
1951 2552 1984 2603 5

261 2643 322 2697 (Ιθ
364 2639 666 2718 RescriptiS,
712 2663 822 2718 cap.
870 2648 901 2698 6
948 2644 1008 2699 dc
1052 2643 1386 2714 PraebendiS,
1431 2665 1541 2720 cap.
1610 2647 1680 2698 10
1736 2643 1797 2697 de
1855 2642 1986 2698 Foro

262 2750 474 2812 compet.
536 2738 725 2793 Verum
802 2758 859 2794 ea
921 2740 1090 2793 omnia
1149 2739 1258 2794 loca
1319 2740 1420 2795 alio
1482 2740 1685 2794 omnino
1743 2749 1985 2811 spectant.

260 2830 524 2904 Siquidem
568 2854 677 2909 cap.
728 2836 752 2889 1
803 2834 864 2889 de
908 2832 1122 2890 Constit.
1168 2834 1219 2888 in
1265 2838 1296 2888 6
1342 2833 1688 2889 tantummodo
1742 2832 1985 2901 decernit,

261 2926 499 2997 speciales
541 2928 926 2985 consuetudines
988 2938 1033 2984 et
1092 2938 1287 2984 statuta
1345 2926 1687 2984 rationabilia
1746 2926 1979 2981 locorum
