2114 3289
1643 114 1745 164 151

103 238 371 299 Deroqatio.
411 237 604 292 Quando
642 237 909 282 necessaria
947 236 1002 281 ad
1053 236 1345 282 validitatem
1399 235 1766 293 Rescriptorum,
1804 243 1849 282 et

236 319 636 367 constitutionum
675 318 1049 375 Apostolicarum
1087 319 1148 363 72
1186 326 1231 364 et
1268 318 1346 363 73.

102 400 391 462 Disciplina„
431 400 691 457 Disciplina
730 406 924 445 externa
961 399 1058 445 sive
1095 400 1262 444 Politia
1302 399 1625 446 ecclesiastica
1667 398 1746 443 24.
1775 400 1852 444 Li-

236 482 421 540 turgica
458 482 538 526 25.
576 481 853 538 Dogmatica
891 487 936 525 et
970 480 1180 538 dogmati
1218 493 1401 526 annexa
1440 481 1555 525 ibid.

103 562 424 625 Dispensatio.
464 561 764 619 Dispensatio
802 574 942 619 super
975 560 1161 620 legibus
1197 574 1275 606 seu
1315 562 1550 607 institutis
1593 562 1848 619 Apostolo-

235 657 336 690 rum
374 644 434 689 35
476 649 521 689 et
557 643 637 688 36.

166 726 425 782 Dionysius
460 726 671 783 Exiguus
708 725 800 769 vid.
839 723 1155 771 Collectiones
1192 724 1321 770 Saer.
1361 725 1622 770 Canonum.

108 871 313 918 Glossae.
353 866 505 927 Quid?
544 871 653 918 138.
695 873 865 918 Earum
903 806 1162 919 auGctoritas
1198 872 1312 917 ibid.

104 953 332 1001 Gratiani
367 956 629 1001 Decretum.
669 953 785 1012 Ejus
822 955 1013 1009 divisio,
1052 962 1098 1000 et
1133 956 1296 1000 modus
1345 955 1582 1013 allegandi
1632 958 1850 1002 Canones

242 1036 332 1081 123
373 1043 418 1082 et
465 1051 596 1095 seqq.
634 1034 752 1093 Ejus
799 1037 968 1082 menda
1017 1043 1064 1082 et
1113 1037 1432 1083 correctiones
1474 1037 1564 1082 125
1616 1045 1662 1084 et
1711 1052 1844 1095 seqq.

241 1115 464 1175 Ejusdem
501 1118 763 1164 auctoritas
804 1118 893 1163 127
935 1124 980 1164 et
1016 1130 1145 1176 seqq.

959 1200 994 1243 I.

106 1280 458 1341 Interpretatz‘O.
497 1278 614 1337 Ejus
650 1280 860 1326 definitio
901 1280 976 1324 12.
1023 1282 1167 1326 Recta
1216 1281 1558 1338 interpretandi
1608 1281 1730 1327 ratio
1771 1281 1846 1325 13.

239 1363 573 1420 Interpretatio
634 1361 918 1407 Anthentica
970 1360 1046 1405 13.
1100 1362 1285 1407 Usualis
1340 1361 1413 1406 13.
1463 1363 1710 1408 Judicialis
1771 1363 1847 1407 14.

236 1444 524 1489 Doctrinalis
563 1443 638 1487 14.

173 1527 505 1583 Interpretatio
540 1529 841 1572 Decretorum
877 1526 1081 1573 Concilii
1117 1526 1383 1571 Tridentini
1424 1525 1481 1571 15
1521 1533 1568 1573 et
1603 1539 1732 1584 seqq.

106 1609 351 1655 Instituta.
390 1611 609 1656 Instituta
646 1610 814 1655 Divina
851 1617 897 1655 et
938 1611 1208 1668 Apostolica
1254 1609 1334 1654 35.
1373 1609 1544 1654 Eorum
1593 1610 1850 1655 discrimen

241 1693 302 1738 35
355 1700 400 1740 et
449 1693 528 1739 36.
568 1694 775 1739 Isidorus
824 1694 1055 1739 Mercator
1105 1694 1200 1738 vid.
1239 1693 1556 1739 Collectiones
1603 1695 1850 1739 Canonum

238 1775 450 1821 Latinae.

103 1853 511 1916 Jarispruclentm.
559 1856 935 1914 Jurisprudentia
987 1855 1329 1902 ecclesiastica.
1381 1852 1499 1912 Ejus
1545 1854 1758 1901 definitio
1805 1861 1852 1901 et

245 1944 401 1994 partes
440 1937 515 1982 12.

108 2019 194 2064 Jus
229 2017 532 2064 Canonicum.
572 2016 688 2075 Ejus
724 2019 937 2064 definitio
975 2019 1022 2063 2.
1073 2015 1191 2076 Ejus
1239 2015 1481 2075 objectum
1522 2017 1636 2063 ibid.
1671 2017 1853 2063 Discri-

241 2113 347 2146 men
398 2101 523 2146 inter
573 2101 878 2156 Theologiam
943 2107 989 2146 et
1035 2102 1117 2146 Jus
1165 2100 1457 2146 Canonieum
1504 2099 1549 2143 4.
1616 2100 1674 2143 Et
1719 2099 1846 2143 inter

239 2182 321 2227 Jus
356 2182 496 2227 civile
534 2188 578 2227 et
626 2182 706 2227 „lus
754 2182 1043 2227 Canonicum
1080 2184 1127 2226 5.
1165 2181 1290 2227 Juris
1326 2181 1555 2226 Canonici
1600 2186 1851 2237 praestan-

242 2262 310 2307 tia
344 2264 371 2307 5
398 2269 443 2307 et
467 2276 595 2320 seqq.
633 2260 856 2318 Ejusdem
895 2262 1152 2320 amplitudo
1178 2268 1224 2308 et
1247 2262 1509 2307 necessitas
1547 2262 1572 2306 7
1612 2267 1657 2307 et
1694 2261 1737 2305 8.
1770 2261 1852 2304 ,lus

243 2344 533 2389 Canonicum
570 2344 809 2401 publicum
862 2350 909 2389 et
967 2344 1202 2401 privatum
1253 2343 1298 2387 9.
1338 2343 1590 2399 Utriusque
1639 2341 1851 2386 definitio

243 2426 272 2470 9
297 2433 342 2472 et
370 2425 444 2471 10.
481 2426 606 2471 Juris
640 2426 869 2472 Canonici
906 2425 1061 2472 fontes
1098 2426 1177 2471 27.
1218 2427 1389 2471 Eorum
1428 2424 1642 2470 definitio
1680 2423 1759 2467 27.
1792 2424 1852 2467 Et

239 2519 465 2552 numerus
500 2506 560 2551 27
587 2513 634 2553 et
656 2507 734 2552 28.
762 2505 985 2564 Ejusdem
1010 2507 1297 2553 adminicula
1323 2520 1401 2551 seu
1430 2503 1703 2561 adjumenta
1735 2503 1842 2548 103.

113 2587 197 2631 Ius
232 2593 450 2632 naturae.
500 2585 618 2644 Ejus
666 2595 916 2645 praecepta
955 2587 1011 2632 91
1055 2595 1102 2634 et
1137 2587 1215 2631 92.
1269 2589 1387 2633 Usus
1425 2593 1470 2632 et
1506 2585 1767 2630 auctoritas
1804 2585 1853 2628 in

243 2671 620 2728 Jurisprudentia
658 2673 902 2717 Canoniea
939 2671 998 2715 93
1040 2678 1086 2717 et
1122 2684 1251 2729 seqq.

110 2752 197 2796 chs
232 2750 384 2796 civile.
423 2749 540 2808 Ejus
575 2765 685 2797 usus
724 2753 769 2797 in
818 2753 927 2798 Jure
976 2754 1216 2798 Canonico
1255 2753 1332 2795 99.
1386 2752 1530 2806 Leges
1579 2750 1745 2796 civiles
1796 2752 1852 2793 ab

244 2832 454 2877 Ecclesia
489 2833 733 2889 probatae,
758 2840 837 2879 aut
872 2840 1130 2888 correctae,
1164 2840 1209 2879 et
1244 2845 1330 2878 nec
1366 2833 1589 2890 probatae
1630 2845 1714 2877 nce
1751 2844 1858 2876 coa>-

246 2918 404 2957 rectae
445 2912 531 2957 101
574 2919 620 2958 et
658 2926 786 2972 seqq.

113 2992 198 3038 Jas
233 2989 539 3038 novissimum
579 2991 687 3039 138.
