2114 3289
352 83 460 134 180
525 96 618 133 Lm.
645 96 699 132 11.
727 96 773 131 c.
800 93 852 128 11.
885 92 945 128 DE
974 91 1134 127 EPlsc,
1165 91 1392 135 EORUMQ.
1422 94 1530 128 JUR.
1560 90 1621 126 ET
1649 91 1857 130 OFFIGIIS

256 201 499 275 proprios
540 200 775 253 humeros
816 193 1038 249 sustulit.
1082 193 1362 266 Episcopus
1401 195 1539 249 enim
1581 194 1770 251 Christi
1810 205 1987 267 typum

261 313 438 368 yerens
497 293 641 347 illius
701 306 910 343 munere
968 287 1247 360 funqitur,
1301 299 1347 341 et
1388 289 1619 364 omnibus
1659 289 1767 362 ipso
1808 288 1988 342 habitu

262 389 500 454 ostendit,
544 404 592 440 se
635 383 754 439 boni
798 392 844 437 et
885 382 1061 454 maqni
1105 381 1337 437 Pastoris
1378 382 1690 438 imitatorem
1733 400 1856 450 esse,
1898 380 1987 453 qui

259 485 426 558 qreqis
461 481 788 557 infirmitates
811 480 948 552 fer-re
974 478 1154 535 coluit.
1201 481 1363 550 Atque
1407 481 1608 534 attende
1633 480 1831 535 sedulo:
1872 497 1988 534 cum

263 580 398 634 enim
439 594 588 632 verus
629 576 735 648 ipse
782 577 967 629 Pastor
1009 573 1226 640 accedit,
1271 573 1462 647 apertis
1503 576 1807 629 venerandis
1839 592 1989 629 ecan-

260 672 431 745 qeliis,
474 683 519 726 et
561 669 782 741 assurqit
824 669 1126 742 EpiscopuS,
1172 677 1217 722 et
1258 667 1567 722 imitationis
1605 679 1786 723 vestem
1838 669 1991 741 depo-

261 767 356 823 nit.
410 765 475 822 Et
531 764 870 836 Symmachus
917 761 1157 819 Pontifex
1199 763 1398 817 ineunte
1442 763 1640 818 saeculo
1683 760 1757 818 VI
1797 766 1849 818 in
1891 763 1996 837 epi-

263 861 396 917 stola
423 860 487 916 ad
514 858 845 915 Theodorum
881 855 1279 912 Laureacensem
1322 854 1631 931 Episcopum
1674 858 1744 911 ita
1787 858 1991 912 scribit:

263 955 471 1010 Idcirco
506 952 705 1027 palli0,
751 952 888 1022 quod
931 969 998 1005 ex
1043 949 1334 1023 Apostolica
1377 949 1591 1004 caritate
1634 950 1728 1005 tibi
1772 950 1996 1005 destina-

263 1066 416 1116 mus,
461 1067 559 1120 quo
602 1047 679 1100 uti
722 1046 902 1100 debeas
944 1044 1223 1099 secundum
1271 1062 1465 1099 morem
1524 1044 1779 1099 Ecclesiae
1839 1055 1996 1112 tuae,

263 1143 475 1198 solerter
534 1142 906 1207 admonemus,
962 1139 1264 1212 pariterque
1327 1138 1560 1192 volumus
1601 1149 1657 1192 ut
1699 1137 1997 1210 intellian,

266 1238 391 1311 quia
433 1238 538 1309 ipse
581 1236 824 1301 vestitus,
868 1252 967 1306 quo
1010 1234 1081 1288 ad
1123 1234 1397 1287 missarum
1445 1232 1693 1287 solemnia
1753 1233 1958 1287 ornaris
1977 1275 1998 1300 ,

266 1332 469 1404 siqnum
515 1330 811 1403 praetendit
856 1329 1050 1395 erucis,
1087 1347 1185 1400 per
1227 1328 1365 1399 quod
1407 1328 1528 1381 scito
1571 1340 1617 1383 te
1661 1346 1776 1381 cum
1817 1327 2000 1400 fratri-

265 1427 355 1481 bus
409 1425 589 1480 debere
625 1423 894 1496 compati,
939 1434 984 1477 et
1026 1422 1380 1477 mundialibus
1422 1422 1675 1478 illecebris
1716 1423 1774 1477 in
1814 1420 2001 1496 affeetu

273 1519 521 1593 crucifiqi.

333 1708 532 1754 Panium
578 1708 701 1752 intra
739 1713 834 1752 tres
871 1719 895 1751 a
945 1707 1303 1752 consecratione
1347 1718 1530 1753 menses
1577 1705 1827 1764 petendum
1876 1711 2008 1751 esta

261 1789 452 1835 Summo
490 1789 712 1834 Pontifice
736 1794 961 1834 consueta
992 1786 1210 1841 formula,
1235 1787 1323 1833 hoc
1360 1793 1453 1843 cst,
1479 1798 1768 1842 lnsTAn‘rEn,
1805 1798 2009 1832 insun-

263 1882 389 1925 Tms,
437 1881 833 1923 msTANT1SS1ME3
878 1874 1124 1926 propterea
1163 1869 1305 1926 quod,
1350 1873 1401 1913 ut
1436 1867 1484 1914 S.
1520 1868 1777 1927 Gregorius
1811 1867 2009 1926 Magnus

263 1951 321 1996 ad
360 1949 713 1996 Brunichildam
751 1949 979 2008 Reginam
1015 1949 1180 1994 scribit
1214 1961 1318 2007 cap.
1338 1947 1500 2010 prisca
1535 1948 1645 1994 dist.
1688 1948 1809 2003 1003
1844 1947 2010 2002 Honor

254 2028 401 2092 pallii
437 2028 534 2075 nisi
570 2028 762 2089 sortiter
790 2027 1058 2090 postulanti
1080 2026 1189 2075 dari
1213 2043 1308 2075 non
1341 2027 1486 2076 debet.
1520 2030 1710 2076 Electus
1745 2010 1901 2076 aute-111
1923 2030 2011 2075 Ar-

264 2111 595 2169 chiepiscopus
642 2117 801 2168 petere
839 2111 979 2157 debet
1025 2123 1109 2168 per
1145 2124 1192 2157 se
1228 2111 1400 2169 ipsum,
1439 2110 1480 2155 si
1528 2111 1701 2157 Romae
1748 2110 1889 2166 adsit,
1925 2122 2010 2169 per

261 2197 613 2252 procuratorem
652 2205 779 2247 vero,
817 2194 857 2237 si
895 2192 1046 2246 absit;
1084 2204 1236 2249 neque
1274 2192 1469 2250 pallium
1502 2192 1545 2238 ei
1582 2191 1876 2247 conceditur,
1913 2190 2009 2236 nisi

262 2274 394 2332 prius
428 2271 704 2319 fidelitatem
729 2279 774 2318 et
796 2272 1116 2319 obedientiam
1149 2285 1260 2331 erga
1291 2272 1534 2320 Summum
1569 2272 1841 2319 Pontificem
1876 2268 2010 2329 jure-

266 2351 470 2412 jurando
495 2353 816 2411 spoponderit.
844 2353 899 2398 ln
931 2352 1304 2415 Archiepiscopis
1334 2351 1456 2399 illud
1478 2359 1544 2399 est
1569 2352 1828 2415 peculiare,
1852 2351 2011 2410 inquit

264 2435 546 2481 Benedictus
582 2434 683 2479 XIV
717 2434 773 2480 de
825 2433 1003 2491 Synod.
1041 2436 1203 2481 Dioec.
1255 2435 1339 2481 lib.
1379 2436 1419 2480 II
1454 2447 1557 2494 cap.
1597 2437 1648 2493 5,
1685 2431 1805 2496 quod
1837 2446 1892 2479 ne
1921 2445 2010 2493 per

263 2514 657 2562 consecrationem
679 2511 863 2576 quidem
885 2521 1195 2576 assequantur
1224 2513 1570 2577 plenitudinem
1605 2513 1747 2578 officii
1777 2512 1873 2571 sui,
1910 2512 2010 2560 nisi

259 2595 464 2659 pallium
498 2597 758 2659 receperint
792 2611 821 2642 a
843 2599 1050 2643 Romano
1087 2597 1335 2660 Pontifice,
1361 2612 1423 2644 eac
1445 2611 1546 2659 cap.
1572 2596 1682 2643 Nisi
1702 2594 1919 2658 specialis
1955 2593 2010 2643 de

267 2678 548 2724 auctoritate
583 2684 625 2724 et
659 2693 748 2724 usu
776 2676 921 2739 pallii
936 2694 956 2734 ,·
993 2692 1087 2723 non
1122 2676 1242 2739 quod
1271 2677 1473 2739 pallium
1508 2675 1692 2739 aliquid
1726 2674 2011 2738 superaddat

269 2758 611 2805 consecrationi
645 2757 796 2821 quoad
816 2757 1012 2805 Ordinis
1047 2764 1338 2820 potestatem,
1363 2757 1441 2805 sed
1463 2759 1575 2821 quia
1598 2756 1794 2805 liberum
1818 2756 2010 2819 praebet

269 2840 444 2902 accepti
467 2839 663 2887 Ordinis
685 2840 986 2898 eoeercitium,
1012 2846 1054 2887 et
1083 2839 1494 2903 archiepiscopalis
1528 2839 1737 2888 muneris
1759 2837 2008 2902 quamdam
