2114 3289
331 106 443 156 252
542 122 636 157 LIB.
662 119 732 155 111.
761 119 807 155 o.
827 118 880 153 11.
910 116 971 152 DE
997 116 1154 151 nemis
1182 116 1321 153 Ecce.
1351 116 1560 152 POTEST.
1590 115 1845 152 susssnc'rrs

249 226 428 281 sticum
473 223 743 298 appellare.
797 218 898 275 Sed
943 220 1103 289 ajunt,
1146 220 1189 273 si
1231 217 1385 288 judex
1426 219 1655 292 superior
1696 230 1781 272 aut
1823 217 1966 286 nolit,

250 332 368 390 aut,
413 319 547 392 quod
592 316 792 371 facilius
836 315 1032 369 evenire
1075 324 1272 387 potest,
1317 314 1556 382 injuriam
1617 315 1681 369 ab
1739 311 1968 369 inferiori

247 414 414 486 judice
474 413 667 466 illatam
720 410 1052 483 comprimere
1095 419 1344 480 nequeat9
1388 425 1550 462 nonne
1590 408 1761 463 licebit
1803 395 1971 478 Magi-

249 520 432 564 stratus
459 507 576 560 laici
620 503 929 578 praesidium
974 498 1260 575 quaerere?
1305 500 1364 555 Id
1409 501 1612 574 quidem
1654 503 1968 557 necessariae

250 601 554 657 defensionis
612 600 721 670 jure
780 596 1055 670 aliquando
1115 596 1322 666 licebit3
1372 616 1471 669 qua
1521 596 1582 650 de
1631 616 1683 651 re
1725 596 1965 667 legendae

248 708 361 751 sunt
403 693 865 748 animadversiones
908 691 1133 762 ejusdem
1177 689 1461 761 Roncaglia
1504 692 1555 745 in
1600 710 1710 764 cap.
1760 694 1793 744 2
1838 689 1970 761 Syn-

248 791 384 864 opsis
427 788 562 844 Hist.
607 786 745 843 Eccl.
791 783 863 840 IV
906 786 1091 842 saecul.
1136 783 1339 841 Natalis
1382 782 1661 839 Alexandri
1705 779 1749 855 §-
1798 790 1849 841 3.

327 882 481 951 Quod
543 881 758 953 denique
808 892 996 955 spectat
1045 880 1110 935 ad
1154 899 1395 935 canonem
1440 882 1882 951 Incompetenter,
1926 881 1969 935 is

248 978 376 1034 falso
436 979 675 1033 tribuitur
731 973 889 1032 Leoni
941 973 1051 1044 IV,
1094 975 1409 1049 probabilius
1454 974 1651 1029 videtur
1694 972 1850 1030 Leoni
1894 973 1970 1028 ΙΙΙ

249 1073 632 1128 adscribendus,
677 1069 851 1139 Quare
894 1072 1094 1141 ignotus
1128 1082 1201 1124 est
1227 1071 1333 1140 ejus
1361 1072 1566 1124 canonis
1595 1081 1788 1138 auctor,
1815 1088 1971 1142 neque

247 1170 398 1224 etiam
448 1179 703 1242 comperta
747 1185 825 1222 res
868 1178 961 1235 est,
1005 1165 1066 1220 de
1110 1184 1208 1238 qua
1252 1165 1514 1235 agebatur,
1558 1183 1621 1219 an
1665 1165 1855 1219 scilicet
1895 1183 1973 1219 ec-

249 1264 530 1318 clesiastica
589 1261 774 1331 fuerit,
829 1281 891 1317 an
936 1261 1119 1317 civilis.
1183 1257 1331 1315 Nihil
1373 1279 1491 1331 ergo
1535 1259 1770 1315 concludi
1812 1278 1874 1314 ex
1915 1277 1972 1314 eo

249 1369 448 1433 poterit.

312 1532 542 1577 Antonius
579 1531 725 1575 Faber
760 1531 841 1575 lib.
880 1531 960 1575 th
998 1531 1046 1575 in
1084 1530 1194 1576 Cod.
1235 1530 1309 1574 tit.
1350 1530 1412 1576 28
1447 1528 1541 1575 def.
1581 1529 1610 1575 8
1653 1541 1780 1574 num.
1820 1527 1847 1572 3
1895 1528 1981 1574 ob-

244 1619 417 1667 servat,
442 1611 562 1656 hunc
585 1610 955 1671 appellationum
978 1625 1113 1656 usum
1144 1610 1414 1671 plerumque
1437 1623 1628 1669 niaqnas
1651 1609 1776 1655 inter
1797 1608 1983 1654 utrius-

243 1708 326 1755 que
355 1691 719 1755 jurisdictionis
741 1692 1050 1752 Illayistratus
1085 1692 1248 1750 rioeas,
1272 1690 1509 1738 interdum
1546 1690 1688 1737 etiam
1720 1688 1983 1751 traqoedias

244 1774 508 1832 excitasse,
559 1789 654 1820 non
702 1774 802 1819 sine
852 1788 1017 1834 ‘mayno
1067 1773 1211 1819 totius
1260 1773 1556 1834 Reipublicae
1606 1771 1894 1818 christianae
1941 1779 1984 1817 et

246 1854 465 1902 scandalo
501 1862 543 1901 et
578 1853 876 1901 detrimento:
915 1870 1053 1916 quam
1076 1854 1129 1900 ob
1165 1869 1354 1900 causam
1390 1854 1538 1915 fuisse
1561 1853 1680 1900 lianc
1714 1851 1984 1915 appellandi

244 1938 440 1999 speciem
475 1936 688 1999 antiquis
723 1936 935 1982 omnibus
962 1936 1325 1998 jurisconsultis
1360 1935 1665 1996 incoqnitam.
1704 1937 1855 1990 Quare
1899 1948 1985 1981 au-

251 2020 449 2066 diendus
488 2026 558 2065 est
594 2020 671 2064 lvo
709 2020 1013 2065 carnotensis
1050 2034 1122 2077 ep.
1154 2019 1272 2064 159:
1312 2017 1367 2065 Si
1389 2018 1491 2079 qui,
1529 2020 1613 2074 ait,
1650 2014 1905 2078 aliquando
1939 2030 1984 2061 se

239 2106 578 2163 praepracatos
613 2099 763 2161 ipsius
799 2099 1031 2146 Ecclesiae
1067 2099 1349 2146 auctoritate
1393 2107 1762 2161 conqueruntur,
1800 2098 1881 2144 lzoc
1917 2096 1984 2144 eis

246 2182 495 2229 consilium
530 2180 715 2240 danius>
751 2188 803 2227 ut
838 2197 932 2228 non
967 2180 1246 2229 descendant
1282 2181 1335 2228 in
1370 2181 1625 2243 Aeqyptum
1657 2186 1850 2243 propter
1895 2193 1985 2224 au-

250 2263 445 2310 milium.

1018 2369 1063 2446 §.
1119 2379 1211 2431 67.

800 2512 873 2557 DE
911 2511 1083 2558 Bonis
1118 2512 1434 2559 Recte-simi

336 2676 462 2730 Ante
506 2673 893 2730 Constantinum
936 2673 1010 2730 M.
1055 2673 1311 2730 Ecclesiae
1353 2674 1486 2729 hona
1530 2673 1726 2729 fuerunt
1761 2673 1978 2747 plerum-

260 2791 354 2844 que
398 2789 475 2825 res
520 2770 730 2825 mobiles
775 2789 837 2824 ex
880 2769 1104 2824 fidelium
1139 2770 1426 2843 spontaneis
1460 2768 1814 2839 largitionibus
1841 2787 1976 2823 com-

262 2877 482 2939 paratae.
545 2863 779 2921 Profecto
822 2884 900 2920 res
943 2864 1266 2934 immobiles,
1308 2865 1650 2938 persecutione
1691 2863 1977 2930 saeviente,
