2114 3289
372 138 484 188 128
596 157 710 192 car.
739 156 809 191 ιιι.
845 156 903 191 DE
935 155 1175 192 GOLLECT.
1208 158 1424 195 sterion.
1459 159 1706 197 GANONUM

287 272 398 315 vato
465 263 623 335 ipsius
685 260 916 316 Gratiani
977 261 1189 318 arbitrio
1251 264 1530 320 confectum
1590 285 1732 335 esse,
1797 266 2009 340 ideoque

284 355 472 409 nnllam
503 375 564 410 ex
600 354 877 410 Collectore
919 356 1131 428 legalem
1175 359 1523 413 anctoritatem
1567 360 1863 416 obtinuisse.
1909 359 2011 416 Re-

282 460 379 503 stat
421 452 591 521 igitur,
621 463 691 518 ut,
721 452 764 505 si
808 470 960 524 qnam
987 453 1336 506 auctoritatem
1361 453 1565 522 habeat,
1593 456 1755 510 eidem
1786 467 2008 529 postmo-

281 545 400 598 dum
452 547 814 619 approbatione
874 549 1076 622 publica
1137 548 1420 606 accesserit.
1483 546 1773 605 Videndum
1838 552 2008 623 itaque

280 659 341 693 an
383 641 477 695 hoc
519 641 787 698 Decretum
831 657 1083 719 receptum
1127 646 1560 719 approbatumque
1612 647 1693 702 sit.
1755 644 1881 701 Tres
1928 647 2006 700 in-

278 735 421 787 venio
481 739 768 793 sententias.
832 737 1008 795 Prima
1067 743 1343 812 generatim
1407 742 1659 808 affirmat,
1721 752 1824 794 tum
1868 739 2002 813 qnod

277 825 509 883 Gratiani
569 829 872 903 Decretum,
930 854 1043 889 cnm
1093 837 1313 909 primum
1357 835 1581 909 prodiit,
1626 836 1677 889 in
1725 836 1911 890 scholis
1957 846 2005 889 et

275 923 323 976 in
385 923 495 980 foro
548 927 751 982 assidue
794 942 1076 1004 susceptum
1120 942 1167 986 et
1211 930 1498 986 adhibitum
1543 930 1672 999 fuit,
1718 942 1820 984 tum
1864 929 1999 1002 quod

272 1016 526 1089 Eugenius
570 1019 682 1091 III,
726 1035 771 1077 et
815 1022 1091 1095 Gregorius
1141 1023 1274 1079 XIII
1333 1026 1589 1100 publicam
1651 1025 1999 1080 auctoritatem

269 1112 429 1168 eidem
473 1114 685 1173 Decreto
728 1119 1024 1176 tribuerunt.
1072 1118 1243 1175 Altera
1287 1122 1529 1176 sententia
1575 1121 1780 1176 omnino
1823 1131 1995 1189 negat,

266 1220 530 1281 propterea
590 1213 724 1285 quod
770 1214 1059 1270 scholarum
1102 1227 1149 1269 et
1193 1214 1289 1271 fori
1333 1234 1452 1271 usus
1497 1216 1857 1289 praestantiam
1900 1212 1998 1268 De-

262 1304 385 1356 creti
428 1308 765 1377 commendat,
810 1309 999 1364 nullam
1045 1321 1210 1365 tamen
1255 1311 1607 1366 auctoritatem
1653 1309 1904 1380 adjungit,
1936 1327 1993 1363 eo

264 1399 338 1452 vel
383 1402 544 1470 magis
588 1404 722 1475 (pind
768 1404 1085 1475 adulterata,
1131 1408 1340 1480 spuria,
1386 1408 1585 1479 aliaque
1630 1405 1870 1461 mendosa
1915 1425 1997 1460 ca-

260 1495 385 1564 pita,
417 1496 597 1568 quibus
641 1498 907 1553 Decretum
953 1500 1046 1555 hoc
1078 1513 1252 1569 scatet,
1280 1500 1502 1555 nondum
1531 1512 1785 1574 comperta
1816 1511 1990 1568 erant,

259 1588 451 1644 idcirco
513 1593 814 1648 credendum
878 1615 974 1649 non
1027 1608 1099 1650 est
1142 1596 1342 1651 scholas
1387 1606 1432 1650 et
1478 1594 1681 1663 forum,
1727 1595 1829 1649 imo
1875 1613 1991 1649 vero

258 1680 517 1739 Romanos
579 1707 775 1760 quoqne
836 1687 1109 1746 Pontifices
1169 1710 1225 1745 ea
1290 1690 1543 1744 voluntate
1607 1688 1818 1744 Decreto
1875 1707 1990 1744 usos

257 1798 399 1847 esse,
445 1794 495 1835 ut
546 1785 779 1837 omnibns
839 1785 1286 1840 indiscriminatim
1349 1786 1400 1839 in
1461 1805 1517 1839 eo
1577 1786 1824 1855 congestis
1890 1785 1990 1838 vim

255 1873 381 1943 legis
408 1876 774 1932 ecclesiasticae
818 1879 1114 1948 tribuerent,
1159 1899 1271 1934 cum
1318 1881 1445 1934 nihil
1491 1881 1652 1949 magis
1698 1879 1829 1935 obsit
1872 1897 1989 1933 con-

256 1973 459 2040 sensui,
522 1993 672 2045 quam
735 1994 892 2032 error.
956 1975 1057 2031 Sed
1119 1996 1278 2050 neque
1329 1977 1389 2031 dc
1433 1977 1582 2047 legali
1626 1976 1988 2049 approbatione

255 2062 452 2119 Decrcti
515 2071 636 2123 satis
706 2069 880 2142 liquet.
942 2068 1078 2126 Nam
1142 2070 1202 2125 de
1246 2069 1458 2141 Eugenii
1503 2069 1580 2124 III
1624 2069 1987 2144 approlmtione

255 2176 381 2213 unus
426 2173 471 2214 et
514 2163 648 2217 solus
693 2162 1008 2220 Trithemius
1053 2166 1191 2221 testis
1236 2177 1328 2234 est,
1360 2165 1447 2220 sed
1491 2166 1598 2235 ejus
1645 2164 1986 2219 testimonium

255 2272 282 2307 a
314 2255 503 2309 criticis
546 2257 691 2329 plane
736 2260 980 2328 rejicitur,
1010 2272 1273 2334 propterea
1318 2260 1453 2333 quod
1499 2261 1768 2332 scriptores
1813 2261 1983 2326 ceteri,

254 2360 338 2401 ant
382 2347 614 2405 Gratiani
659 2354 890 2424 aequales
953 2366 1036 2408 aut
1098 2366 1256 2409 aetate
1316 2354 1600 2422 inferiores,
1662 2352 1984 2424 Eugenianae

251 2443 633 2515 approbationis
695 2464 790 2499 non
854 2449 1208 2517 meminerint,
1271 2467 1358 2503 nec
1414 2448 1550 2502 illius
1595 2460 1783 2502 certum
1829 2446 1984 2502 (locu-

253 2548 472 2591 mentum
533 2539 688 2593 ullum
749 2540 1003 2596 asseratur.
1068 2538 1174 2595 Nec
1227 2544 1496 2615 quisquam
1540 2540 1839 2615 persuadere
1883 2540 1982 2595 sibi

248 2632 449 2700 poterit,
480 2651 587 2685 eam
634 2634 1068 2705 approbationem,
1113 2637 1155 2689 si
1199 2638 1465 2704 extitisset,
1498 2655 1596 2690 non
1640 2635 1976 2703 divulgatam,

250 2741 347 2776 non
393 2725 481 2778 ulli
525 2724 756 2780 Gratiani
799 2727 1075 2799 exemplari
1119 2728 1437 2800 praefixam,
1483 2728 1569 2782 sed
1615 2729 1818 2783 omnino
1863 2747 1979 2801 sup-

249 2835 472 2886 pressam
533 2818 702 2874 fuisse.
766 2818 1012 2874 Similiter
1055 2817 1332 2889 Gregorius
1377 2819 1508 2875 XIII
1552 2822 1602 2875 in
1647 2822 1750 2875 suis
1795 2821 1975 2876 litteris

251 2907 560 2980 declaravit,
623 2931 825 2968 curasse
888 2932 974 2982 se,
1030 2925 1082 2968 ut
1123 2911 1358 2969 Gratiani
1401 2912 1665 2969 Decretum
1710 2935 1738 2969 a
1783 2914 1975 2970 mendis
