2114 3289
567 122 612 198 §-
642 145 730 183 vn.
763 147 821 182 DE
853 146 1139 183 POTESTATE
1169 147 1405 183 PUNIENDI
1447 124 1450 127 ’
1692 132 1758 182 ’27

120 253 290 310 candi.
337 250 477 320 Quid
521 252 655 306 enim
698 250 957 325 prodesset
1000 263 1219 325 potestas
1262 249 1470 322 jubendi
1516 251 1589 306 vel
1619 252 1840 320 vetandi,

121 349 164 402 si
192 349 247 415 ii,
278 347 364 418 qui
400 345 596 416 legibus
639 363 816 418 parere
861 345 1157 414 detrectant,
1185 347 1403 401 coerceri
1447 357 1493 400 et
1533 347 1701 419 puniri
1745 365 1843 400 non

118 436 355 514 possint?
400 437 541 506 Quid
584 439 726 509 juvat
768 438 960 509 judicia
994 459 1244 508 exercere,
1273 441 1316 494 si
1344 441 1637 494 sententiam
1664 440 1845 511 exequi

120 553 219 588 non
264 528 469 606 possis?
513 536 648 589 Sane
692 533 734 587 si
771 531 950 606 judea)
994 551 1061 602 e3‚
1096 534 1166 588 ait
1193 531 1247 588 S.
1277 530 1586 603 Augustinus
1613 534 1665 587 in
1692 551 1841 587 serm.

123 629 237 680 164
279 627 340 682 de
383 626 548 683 verbis
600 624 961 701 Apostolorum
1011 646 1121 701 cap.
1170 630 1242 695 5,
1284 626 1328 680 si
1370 625 1657 699 judicandi
1701 635 1844 698 pote-

115 731 295 775 statem
337 721 575 794 accepisti
619 720 956 775 ecelesiastica
998 719 1201 792 regula,
1229 720 1273 774 si
1315 721 1458 793 apud
1483 730 1528 775 te
1555 730 1844 790 accusatur,

115 815 159 868 si
201 814 336 870 ceris
378 815 695 870 documentis
736 815 1038 887 testibusque
1082 814 1424 883 convincitur,
1486 833 1678 882 coerce,
1736 831 1846 868 eor-

113 909 258 981 ripe,
303 910 734 977 eoecommuniea,
778 909 1055 982 deqrada5
1099 910 1169 963 sie
1211 909 1389 981 viqilet
1429 909 1745 976 tolerantia,
1788 919 1846 962 ut

116 1021 220 1057 non
262 1003 492 1059 dormiat
535 1003 832 1077 disciplina.
894 1002 1039 1060 Hanc
1084 1023 1200 1059 vero
1244 1015 1538 1078 potestatem
1581 1003 1845 1060 coercendi

114 1098 285 1171 legum
330 1100 630 1170 violatoreS,
674 1112 721 1155 et
763 1101 1033 1155 criminum
1076 1120 1217 1170 reos,
1261 1099 1358 1155 sibi
1403 1099 1646 1154 divinitus
1689 1099 1844 1154 colla-

113 1206 218 1250 tam
263 1195 417 1251 fuisse
459 1191 733 1269 Apostolus
776 1196 975 1268 saepius
1020 1195 1306 1250 denunciat.
1350 1191 1586 1266 Namque
1614 1194 1664 1248 in
1701 1190 1751 1247 II
1778 1193 1844 1248 ad

113 1286 345 1346 Corinth.
374 1286 505 1344 XIII
534 1309 580 1345 v.
630 1291 740 1344 10:
786 1289 933 1357 Idea,
958 1289 1144 1360 inquit,
1170 1287 1292 1342 baec
1335 1288 1510 1342 absens
1552 1287 1745 1355 scribo,
1788 1298 1845 1341 ut

112 1400 216 1437 non
266 1399 512 1455 praesens
565 1382 946 1453 clu-riusaqam
989 1381 1269 1435 secundum
1303 1392 1643 1454 potestatem,
1687 1400 1843 1454 quam

110 1477 367 1532 Dominus
417 1472 550 1546 (non
593 1477 886 1550 prorogatio
932 1475 1180 1546 fidelium,
1217 1476 1292 1531 vel
1333 1477 1500 1548 gratia
1542 1474 1835 1551 Principis)

110 1571 256 1627 dedit
305 1570 454 1628 mihi.
518 1568 741 1643 Itemque
791 1568 858 1626 X.
905 1591 952 1627 v.
999 1575 1070 1626 6:
1117 1575 1185 1625 In
1218 1580 1466 1644 promptu
1524 1588 1572 1626 se
1622 1570 1841 1641 habere,

110 1668 219 1736 ait,
261 1664 441 1721 ulcisci
492 1683 693 1720 omnem
753 1665 1158 1720 inobedientiam
1220 1684 1288 1720 eoe
1339 1675 1627 1738 potestate,
1687 1684 1842 1737 quam

112 1760 259 1816 dedit
283 1760 427 1815 nobis
454 1760 727 1816 Dominus,
773 1758 837 1815 Et
880 1758 930 1814 II
974 1760 1038 1815 ad
1065 1759 1249 1816 Thess.
1298 1765 1327 1815 3
1375 1781 1421 1817 v,
1472 1763 1572 1816 14:
1617 1761 1840 1832 Siquis,

110 1856 202 1925 ait,
246 1873 350 1910 non
391 1854 561 1910 obedit
603 1855 752 1910 verbo
794 1864 967 1908 nostro
1001 1872 1099 1926 per
1143 1854 1431 1926 epistolam³
1469 1853 1602 1909 ltunc
1645 1865 1839 1923 notate,

110 1959 158 2005 et
198 1968 261 2005 ne
304 1949 739 2005 commisceamini
780 1967 895 2004 cum
937 1948 1048 2006 illo,

171 2101 433 2160 Basnagius
470 2113 526 2147 ex
561 2113 757 2147 numero
793 2100 1161 2146 protestantium
1193 2106 1406 2146 annotat.
1434 2100 1567 2159 polit.
1593 2100 1707 2146 ecel.
1733 2107 1845 2146 toni.

104 2181 134 2225 2
170 2181 283 2227 diss.
321 2180 351 2224 4
386 2181 441 2227 de
478 2178 718 2228 Ecclesiae
755 2181 1012 2228 tribunali:
1057 2179 1320 2237 Tribunal,
1356 2181 1542 2239 inquit,
1579 2179 1847 2237 Ecclesiae,

101 2259 223 2323 quod
237 2261 431 2323 jubente
454 2263 549 2308 Deo
585 2266 787 2308 erectum
823 2260 971 2323 fuisse
989 2296 1000 2308 .
1023 2295 1034 2307 .
1055 2295 1067 2306 .
1088 2295 1100 2307 .
1138 2260 1279 2323 facile
1311 2261 1543 2323 Iarqimur
1559 2295 1570 2307 .
1592 2295 1604 2307 .
1624 2295 1636 2307 .
1656 2295 1667 2307 .
1705 2277 1848 2323 neque

102 2361 132 2391 a
167 2344 449 2407 Principum
482 2343 722 2392 voluntate
757 2343 991 2393 Ecclesiae
1027 2345 1272 2405 tribunal,
1309 2344 1387 2393 secl
1421 2345 1478 2392 ab
1513 2345 1615 2408 ipso
1662 2345 1846 2392 Christo

102 2425 332 2487 oriqinem
366 2425 496 2473 ducit
525 2425 872 2488 praecipiente,
908 2433 962 2474 ut
995 2427 1259 2475 haereticus
1286 2426 1521 2489 pertinax
1555 2426 1844 2488 abjiciatur,

101 2522 218 2569 quae
250 2507 330 2555 leoe
363 2507 610 2569 iynorante
645 2507 930 2569 inayistratu
965 2508 1064 2556 lata
1099 2515 1181 2556 est.
1206 2510 1300 2556 Sub
1336 2507 1699 2571 imperatoribus
1734 2522 1845 2554 sane

103 2588 301 2636 ethnicis
338 2588 600 2652 slaqitiosos
635 2589 848 2636 censuris
882 2589 1091 2637 Ecclesia
1125 2590 1225 2638 suis
1260 2590 1492 2647 veoeabat,
1529 2604 1666 2650 quam
1702 2588 1847 2650 liquet

101 2665 151 2712 id
177 2667 311 2729 juris
346 2668 439 2715 sibi
466 2670 720 2731 proprium
754 2669 924 2731 fuisse>
961 2685 1044 2717 nec
1079 2687 1108 2717 a
1144 2671 1347 2718 terrenis
1376 2667 1687 2730 potestatibus
1722 2683 1848 2714 com-

102 2747 418 2796 municatum.
440 2783 451 2795 .
472 2784 483 2795 .
504 2784 515 2795 .
553 2751 696 2797 annis
726 2765 842 2812 pene
890 2752 1124 2798 tercentis
1159 2751 1269 2797 (lum
1316 2751 1621 2811 Imperatores
1668 2748 1845 2795 ellinici

102 2841 259 2874 rerum
278 2831 598 2890 potiebantur,
623 2831 831 2879 Ecclesia
854 2832 1021 2895 absque
1052 2833 1334 2893 maqistratu
1367 2830 1669 2892 disciplinam
1704 2845 1846 2877 exer-

100 2908 247 2968 cebat>
283 2925 336 2956 ac
372 2911 647 2972 haereticos,
686 2920 727 2960 et
764 2912 1024 2974 slaqitiosos
1060 2931 1087 2960 a
1124 2913 1342 2960 societate
1378 2928 1462 2959 sua
1500 2910 1759 2973 rejiciebat.
