2114 3289
643 99 688 173 Ξ.
719 121 808 157 xv.
839 121 898 155 oe
928 121 1039 157 rme
1072 120 1318 155 PRmATos
1676 104 1745 153 59

112 231 369 271 assereret:
408 236 530 269 nunc
565 227 721 267 autem
755 227 839 267 aut
873 218 964 267 duo
999 220 1314 277 mentiuntur,
1338 224 1421 264 aut
1455 230 1631 273 omne55
1667 215 1842 264 idcirco

111 303 457 352 Beatztudinem
504 309 635 349 tuam
677 301 907 360 obtestor,
944 307 996 348 ut
1031 301 1150 347 mihz
1185 299 1358 346 litteris
1394 299 1522 357 tuis
1560 295 1685 359 apud
1718 312 1849 358 quem

108 386 162 432 in
195 384 339 446 Syma
375 381 557 430 debeam
592 383 953 441 communicare)
990 382 1240 445 siynifiees.

174 469 240 512 Dc
286 466 373 512 hoc
423 472 699 523 argumento
745 465 995 524 legendum
1030 471 1101 510 est
1135 463 1426 521 praeclaium
1464 474 1580 520 opus
1615 461 1682 506 De
1718 457 1842 504 sehi-

110 553 270 601 smote‚
294 547 417 604 quod
452 546 624 604 gallice
660 546 810 604 primo
847 545 1022 591 editum
1060 552 1147 598 est,
1173 550 1270 588 tum
1295 543 1454 589 italice
1478 542 1708 588 redditum
1740 553 1850 598 pro-

113 628 202 673 diit
237 641 359 673 anno
402 628 526 674 1718
562 629 663 674 sine
700 628 889 674 nomine
926 627 1132 674 auctoris
1169 632 1215 672 et
1245 626 1352 671 loci.

880 784 924 861 g,
982 791 1070 845 16.

371 929 444 973 DE
482 928 641 974 NEXU
678 926 966 974 PRIMATUS
1003 926 1124 973 CUM
1160 924 1402 972 ROMANA
1438 922 1582 970 SEDE

198 1073 526 1150 Quamquam
587 1076 849 1131 catholicis
904 1075 1136 1131 omnibus
1192 1085 1381 1128 certum
1424 1071 1839 1146 exploratumque

121 1170 206 1237 sit,
231 1168 492 1227 Romanos
535 1169 808 1226 Pontifices
852 1169 1024 1225 divino
1066 1171 1176 1241 jure
1218 1170 1269 1222 in
1306 1166 1591 1222 Primatum
1618 1163 1672 1220 S.
1702 1162 1841 1218 Petri

122 1264 422 1335 succedere,
483 1266 602 1338 quia
662 1262 894 1319 Christus
955 1260 1240 1318 Plimatum
1301 1262 1466 1334 ipsum
1508 1269 1745 1332 pelpetuo
1789 1259 1842 1312 in

122 1354 510 1445 Successoribus
571 1355 710 1412 Peui
763 1373 1148 1430 pelmansurum
1198 1354 1448 1408 instituit.
1495 1353 1724 1425 quaestio
1767 1362 1841 1405 ta-

120 1470 233 1506 men
276 1464 386 1523 est3
428 1471 650 1526 quonam
691 1452 820 1522 jule,
865 1449 1038 1505 divino
1083 1468 1162 1518 ne,
1189 1468 1253 1503 an
1295 1448 1517 1502 humano
1561 1444 1838 1521 Supremus

120 1542 451 1602 Pontificatus
511 1545 774 1602 Romanae
833 1541 956 1600 Sedi
1016 1543 1240 1598 adnexus
1302 1544 1395 1611 sit,
1446 1553 1493 1596 et
1542 1540 1733 1596 idciico
1778 1558 1841 1594 an

120 1643 474 1713 praerogativa
535 1637 792 1697 Primatus
845 1640 1006 1713 ipsius
1051 1658 1079 1693 a
1121 1636 1357 1692 Romana
1401 1635 1530 1693 Sede
1572 1635 1756 1703 evelli,
1799 1645 1845 1688 et

122 1736 174 1788 in
237 1736 390 1791 aliam
450 1734 635 1792 Sedem
680 1733 940 1790 transferri
982 1729 1190 1808 possit?
1233 1729 1420 1786 Putant
1462 1732 1620 1805 aliqui
1663 1748 1841 1786 conve-

122 1830 264 1885 niens
299 1829 475 1900 fuisse,
500 1843 547 1885 et
588 1829 715 1885 forte
758 1829 909 1884 etiam
951 1827 1289 1882 necessarium
1333 1824 1398 1880 ad
1441 1844 1638 1881 omnem
1681 1841 1844 1878 remo-

120 1925 335 1981 vendam
378 1925 744 1982 dubitationem
787 1943 938 1999 super
978 1924 1204 1994 legitimo
1249 1921 1548 1978 Successore
1594 1920 1647 1977 S.
1676 1918 1838 1987 Petri9

123 2031 176 2074 ut
232 2018 404 2084 Sedes,
450 2020 620 2094 aliqua
678 2018 998 2093 particularis
1061 2036 1152 2092 pro
1213 2018 1317 2072 suis
1377 2014 1765 2073 Successoribus
1809 2032 1838 2067 a

120 2109 273 2170 Petro
326 2115 626 2185 eligeretur,
670 2124 928 2185 tamquam
970 2111 1200 2165 medium
1242 2110 1536 2185 quoddam,
1579 2129 1678 2183 quo
1729 2106 1844 2162 Pri-

122 2220 286 2264 matus
348 2210 701 2283 praerogativa
760 2209 812 2262 in
864 2218 1026 2262 certos
1070 2204 1394 2261 Successores
1438 2206 1710 2274 transiret3
1753 2201 1843 2258 sed

120 2305 172 2359 in
215 2303 356 2360 Petri
397 2315 639 2378 potestate
681 2302 836 2358 fuisse
879 2321 1032 2375 quam
1074 2301 1245 2357 mallet
1296 2299 1479 2356 Sedem
1533 2300 1752 2372 eligere,
1796 2309 1843 2352 et

117 2397 233 2454 ideo
276 2396 418 2477 Petri
464 2398 715 2454 voluntate
758 2397 945 2452 factum
988 2415 1115 2466 esse,
1142 2408 1196 2450 ut
1236 2394 1433 2452 Romae
1474 2397 1661 2470 potius‚
1689 2410 1840 2466 quam

118 2493 220 2548 alio
261 2496 314 2548 in
356 2494 466 2549 loco
510 2510 653 2547 suam
699 2489 881 2546 Sedem
925 2491 990 2546 ad
1034 2502 1244 2547 mortem
1288 2509 1444 2564 usque
1500 2487 1839 2545 collocaverit.

119 2584 565 2654 Quemadmodum
607 2604 727 2658 ergo
778 2584 884 2654 (sic
927 2588 1060 2641 enim
1105 2581 1547 2657 argumentantur)
1595 2602 1659 2638 ex
1701 2580 1834 2636 facto

118 2676 286 2749 Petri,
329 2680 465 2753 quod
507 2681 785 2735 humanum
829 2691 930 2749 est,
974 2677 1232 2734 Primatus
1277 2679 1537 2732 universae
1580 2673 1836 2730 Ecclesiae

121 2774 173 2827 in
215 2771 447 2829 Romana
490 2773 620 2830 Sede
665 2774 865 2829 relictus
910 2773 1022 2843 fuit,
1050 2776 1121 2829 sic
1165 2774 1345 2846 poterit
1377 2790 1437 2825 cx
1464 2769 1836 2843 dispensatione

122 2868 363 2932 humana,
393 2888 579 2942 nempe
624 2868 898 2936 Ecclesiae,
943 2871 1124 2923 iterum
1169 2868 1232 2921 ab
1275 2885 1330 2919 ea
1377 2864 1505 2919 Sede
1549 2864 1793 2937 separari.
