2114 3289
346 131 454 184 156
500 149 593 184 mss.
614 148 666 183 11.
689 148 734 184 c.
755 148 789 182 1.
813 145 873 180 DE
904 147 952 181 R.
982 145 1246 182 PoN'nFlcE
1273 146 1443 190 moso.
1464 146 1798 184 ADJUTORIBUS

340 250 513 324 Itaque
556 248 855 305 Benedictus
896 245 1043 303 XIV.
1089 246 1151 301 de
1180 246 1387 318 Synodo
1420 248 1729 306 Dioecesana
1755 250 1845 306 lib.
1874 247 1969 307 III.

261 365 372 420 cap.
422 348 510 400 10.
557 364 604 398 n.
654 344 703 397 1.
749 361 900 412 agens
944 342 1005 396 de
1048 339 1292 397 Conciliis
1335 341 1666 399 Generalibus
1709 356 1755 398 et
1790 342 1974 401 Natio-

264 439 481 507 nalibus,
508 437 688 509 quibus
725 433 1022 491 Cardinales
1066 436 1216 491 simul
1259 455 1372 491 cum
1414 436 1678 513 Episcopis
1721 439 1972 507 intersint,

259 535 446 607 primas
473 529 831 587 Cardinalibus
857 550 1008 604 supra
1053 528 1330 604 Episcopos
1374 529 1559 586 defert:
1604 532 1658 587 hi
1700 532 1976 604 siquidem,

264 628 368 694 ait,
413 624 501 678 etsi
545 623 837 696 Episcopali
879 634 1087 678 careant
1126 624 1447 691 charactere,
1490 625 1550 679 ob
1592 645 1767 681 eorum
1809 637 1980 680 tamen

264 718 479 790 officium
505 737 563 772 ac
590 718 858 790 dignitatis
876 719 1251 790 praestantiam
1292 718 1556 790 Episcopis
1590 721 1982 793 praeferuntur,

262 830 419 885 supra
476 830 597 884 quos
654 812 836 866 sedisse
892 811 1106 883 leqimus
1163 813 1220 867 in
1263 812 1491 867 Concilio
1534 813 1864 884 Luydunensi
1906 818 1979 885 1,·

264 907 416 980 idque
475 907 639 962 allatis
701 906 916 963 aliorum
978 904 1324 962 Conciliorum
1375 907 1618 981 exemplis
1670 907 1980 982 decretisque

265 1022 573 1058 summorum
617 1001 922 1058 Pontificum
966 1003 1247 1059 confirmat.
1308 1000 1400 1058 Ast
1443 1002 1720 1058 Febronius
1761 1004 1978 1059 incredi-

263 1098 356 1153 bili
399 1098 611 1154 audacia
655 1098 891 1153 clamavit
933 1116 989 1153 eo
1025 1108 1176 1170 pacto
1219 1099 1456 1153 divinum
1498 1097 1791 1152 institutum
1841 1117 1978 1154 ever-

265 1211 374 1247 sum
414 1194 602 1266 fuisse,
645 1206 907 1268 propterea
950 1194 1084 1267 quod
1129 1193 1367 1268 Episcopi
1411 1194 1640 1263 divinae,
1685 1192 1982 1250 Cardinales

266 1290 513 1344 humanae
556 1291 883 1344 institutionis
926 1301 1106 1345 essent.
1151 1288 1403 1346 Zallvvein
1447 1291 1597 1343 etiam
1643 1307 1754 1344 cum
1797 1289 1985 1345 Febro-

267 1385 351 1439 nio
395 1385 576 1438 sentire
620 1385 755 1439 visus
798 1396 888 1438 est.
943 1381 1129 1438 Contra
1173 1403 1297 1457 quos
1341 1384 1618 1439 Febronius
1662 1384 1982 1440 abbreviatus

268 1497 380 1533 cum
440 1479 570 1532 notis
631 1477 871 1533 adversus
931 1479 1206 1533 neotericos
1258 1476 1546 1548 Theologos
1591 1490 1638 1532 et
1682 1475 1983 1532 Canonistas

269 1585 388 1628 tom.
436 1570 524 1628 IV.
572 1568 619 1644 §.
666 1571 757 1627 IX.
804 1591 939 1626 num.
988 1574 1040 1627 1.
1084 1571 1344 1643 Episcopi,
1389 1573 1477 1640 ait„
1513 1582 1759 1643 potestate
1802 1582 1848 1625 et
1889 1571 1986 1624 mi-

267 1667 479 1721 nisterio
496 1665 745 1738 potioreS,
773 1650 1155 1720 excellentiores
1197 1676 1343 1719 sunt:
1387 1666 1474 1720 secl
1517 1665 1703 1719 nullibi
1746 1665 1803 1719 in
1828 1665 1985 1719 sacris

266 1760 548 1833 Scripturis
572 1760 808 1831 leqiznuS,
835 1760 972 1831 quosl
1013 1759 1141 1813 alios
1176 1760 1517 1832 praecedere,
1563 1760 1794 1813 omnihus
1828 1777 1985 1831 prae-

260 1855 411 1928 poni,
440 1867 483 1909 et
512 1854 797 1908 extrinseco
829 1854 1017 1908 honore
1041 1855 1303 1927 praeferri
1346 1855 1577 1909 debeant.
1622 1855 1827 1908 Habent
1869 1872 1986 1925 erqo

267 1950 505 2023 Episcopi
541 1949 958 2021 praecellentiam
993 1952 1255 2021 potestatis
1299 1960 1343 2004 et
1386 1949 1710 2015 Ministerii,
1764 1948 1825 2003 cle
1885 1966 1987 2019 qua

262 2045 386 2116 ipsis
428 2044 561 2098 nihil
605 2044 913 2100 detrahitur.
970 2046 1020 2098 E
1058 2055 1235 2097 contra
1278 2043 1581 2099 Cardinales
1616 2043 1871 2116 potiorem
1912 2042 1986 2096 lo-

263 2157 377 2192 cum
419 2148 587 2192 tenent
630 2138 686 2192 in
729 2138 1037 2193 Consistorio
1073 2138 1358 2212 Pontificisj
1386 2138 1444 2192 in
1477 2137 1983 2209 ConslreqationibuS,

262 2232 320 2286 in
363 2232 603 2287 Conciliis
646 2245 735 2289 etc.
780 2233 867 2287 ubi
910 2233 1043 2287 nulli
1085 2244 1225 2287 actus
1252 2232 1600 2305 etfunctiones
1635 2231 1983 2287 hierarchicae

264 2328 617 2394 intercedunt,
661 2328 814 2398 iclqae
859 2347 961 2381 non
1004 2347 1071 2382 coc
1114 2328 1364 2400 (liqnitate
1400 2327 1693 2401 potestatis)
1737 2327 1824 2380 sed
1862 2343 1986 2398 pro-

256 2433 374 2494 pter
416 2422 651 2494 officium.
697 2420 759 2476 Et
802 2441 937 2477 num.
987 2426 1037 2478 4.
1083 2425 1165 2476 An
1207 2423 1410 2493 iqnorat
1452 2422 1582 2494 sorte
1627 2421 1878 2475 Zallwein
1911 2431 1986 2473 at-

269 2534 362 2586 que
407 2517 691 2570 hebronitis
716 2516 853 2587 quod
878 2516 934 2569 in
960 2516 1184 2570 Ecclesia
1213 2515 1776 2588 Constantinopolitana
1803 2524 1986 2586 septem

266 2611 488 2665 Diaconi
548 2611 838 2683 Cruciferi,
900 2611 1025 2681 quin
1078 2612 1231 2665 etiam
1274 2611 1498 2683 Syncelli
1541 2610 1669 2664 iclest
1730 2608 1981 2680 simplices

271 2705 478 2771 Clerici,
516 2717 603 2759 aut
647 2705 890 2761 ilsonachi
930 2704 1219 2776 familiares
1262 2715 1305 2758 et
1349 2703 1702 2758 commensales
1745 2702 1985 2756 Patriar-

267 2800 386 2853 chae
429 2800 486 2853 in
529 2800 749 2871 Synoclis
791 2800 898 2854 loco
939 2799 1224 2871 superiore,
1259 2810 1303 2853 et
1338 2816 1467 2870 prae
1511 2796 1774 2871 Episcopis
1817 2814 1986 2851 conse-

270 2893 473 2959 derint,
518 2906 572 2949 ut
614 2895 838 2950 observat
883 2893 1201 2950 Christianus
1253 2897 1424 2966 Lupus
1465 2892 1522 2946 in
1565 2891 1731 2948 Schol.
1778 2902 1823 2946 et
1865 2893 1982 2946 Not.
