2114 3289
327 82 440 135 232
510 97 604 135 Lm.
623 96 694 133 111.
723 94 769 132 c,
796 93 849 131 n.
879 93 938 129 DE
966 92 1125 129 REssns
1152 93 1290 131 EGGL.
1322 93 1528 130 Porsssr.
1557 92 1812 130 SUBJEGTIS
1855 114 1857 116 -

239 201 537 277 Principum
598 199 892 255 anctoritate
954 196 1329 252 confirmentur.
1390 195 1551 267 Igitur
1603 197 1726 251 haec
1788 197 1958 270 opinio

238 295 632 353 Protestantium
676 292 901 366 opinioni
945 290 1091 365 plane
1135 291 1385 359 congruit,
1427 292 1513 362 qui
1567 309 1764 347 omnem
1805 277 1864 345 ea
1907 291 1959 345 in

236 410 290 447 re
330 387 655 461 Principibus
700 397 995 461 potestatem
1037 383 1283 452 tribuunt,
1326 382 1581 439 Ecclesiae
1624 385 1833 440 nullam.

315 483 425 540 Nos
470 502 586 538 vero
631 482 925 538 sententiam
969 491 1193 536 nostram
1236 478 1542 552 explicantes
1578 482 1799 553 primum
1828 480 1962 534 affir-

238 596 453 647 mamus,
496 576 752 632 Ecclesiae
794 586 1090 650 potestatem
1132 592 1240 629 esse
1293 572 1650 646 impedimenta
1701 576 1963 629 matrimo-

235 674 373 728 nium
399 671 689 727 dirimentia
716 668 1072 738 constituendi,
1099 680 1146 723 et
1165 686 1276 723 eam
1304 666 1508 740 quidem
1535 686 1635 722 non
1654 670 1957 741 precariam,

236 786 393 840 neque
436 785 464 821 a
507 764 834 839 Principibus
889 775 1165 838 acceptam,
1210 761 1297 817 sed
1353 763 1556 818 omuino
1610 764 1869 836 propriam
1915 774 1962 817 et

235 862 476 917 nativam.
521 858 582 914 Id
625 859 884 933 probatur
943 877 1006 912 ex
1058 869 1237 912 natura
1298 857 1564 912 christiani
1625 857 1957 926 matrimonii,

237 956 372 1030 quod
416 975 622 1031 prorsus
683 954 962 1029 spiritualis
1006 966 1098 1023 est,
1150 952 1302 1026 idque
1362 953 1643 1023 argumenti
1702 969 1857 1022 genus
1908 953 1962 1006 in

235 1051 453 1108 secunda
506 1050 749 1105 sententia
808 1047 1104 1122 exponenda
1162 1048 1381 1103 breviter
1433 1047 1710 1117 attigimus,
1770 1045 1962 1101 Deinde

238 1146 567 1202 confirmatur
617 1163 681 1200 ex
722 1163 815 1199 usu
873 1142 1149 1212 Ecclesiae,
1209 1161 1336 1216 quae
1381 1141 1456 1196 vel
1500 1160 1528 1195 a
1578 1142 1744 1215 prima
1804 1152 1964 1196 aetate

241 1242 370 1296 hanc
415 1250 709 1315 potestatem
752 1257 948 1312 semper
989 1250 1036 1293 et
1077 1238 1261 1311 ubique
1303 1238 1355 1292 in
1390 1238 1527 1310 ipsos
1572 1255 1769 1309 quoque
1811 1234 1963 1291 Prin-

240 1337 375 1410 cipes
429 1334 721 1409 explicavit.
767 1331 825 1387 In
876 1333 971 1388 hoc
1015 1344 1310 1403 argumento
1370 1331 1568 1402 egregie
1621 1342 1845 1387 versatus
1889 1341 1964 1385 est

238 1428 511 1487 Gerbesius
571 1430 623 1484 in
685 1439 830 1483 tract.
880 1427 941 1480 de
976 1437 1222 1499 potestate
1266 1426 1521 1480 Ecclesiae
1565 1436 1610 1479 et
1661 1425 1965 1497 Principum

239 1542 390 1596 super
431 1522 813 1595 impedimentis
863 1520 1207 1590 matrimonii,
1270 1520 1377 1590 ubi,
1438 1532 1558 1575 teste
1607 1517 1964 1593 Van-Espenio

239 1618 378 1674 Juris
441 1617 769 1672 ecclesiastici
824 1617 1045 1670 universi
1090 1628 1219 1689 part.
1268 1617 1301 1668 2
1342 1617 1421 1671 tit.
1472 1616 1541 1670 13
1588 1634 1697 1688 cap.
1748 1616 1772 1666 1
1825 1632 1961 1669 num.

242 1716 350 1783 18,
385 1712 546 1785 plura
587 1710 912 1782 antiquitatis
954 1710 1244 1764 testimonia
1287 1721 1331 1763 et
1376 1709 1644 1781 eoeemqala,
1688 1726 1816 1779 quae
1868 1710 1965 1761 Ec-

237 1808 416 1863 clesiae
451 1818 749 1880 potestatem
784 1805 1018 1878 ponendi
1059 1804 1429 1877 impedimenta
1470 1803 1793 1858 matrimonii
1828 1802 1967 1857 evin-

238 1914 394 1970 cunt,
431 1920 528 1975 per
571 1901 747 1955 omnia
788 1899 991 1955 saecula
1034 1899 1270 1966 deducit,
1313 1898 1626 1970 ostenditque
1638 1941 1658 1966 ,
1703 1898 1833 1952 lianc
1874 1916 1967 1952 au-

239 1998 526 2052 ctoritatem
585 1996 829 2068 accepisse
889 1994 1168 2049 Ecclesiam
1212 2013 1244 2049 a
1288 1994 1526 2061 Christo,
1581 2010 1790 2064 eamque
1837 1991 1965 2066 jure

230 2092 449 2165 proprio
477 2109 507 2145 a
537 2091 725 2162 primis
767 2090 982 2144 saeculis
1024 2107 1178 2161 usque
1222 2089 1292 2143 ad
1334 2089 1456 2143 haec
1499 2100 1729 2161 tempora
1770 2105 1966 2160 semper

237 2187 330 2241 hac
373 2186 676 2240 auctoritate
719 2202 865 2238 usam
905 2185 1083 2257 fuisse,
1129 2202 1336 2255 eamque
1381 2183 1759 2256 quodammodo
1801 2199 1969 2237 neces-

239 2283 435 2337 sariam
477 2298 599 2348 esse,
641 2292 696 2334 ut
740 2281 993 2335 Ecclesiae
1038 2283 1276 2335 Pastores
1310 2280 1587 2352 providere
1631 2288 1838 2350 queant,
1867 2296 1966 2349 quo

236 2377 410 2452 fideles
453 2375 845 2430 matrimonium
889 2376 964 2429 ita
1005 2376 1221 2442 ineant,
1265 2385 1321 2428 ut
1364 2374 1687 2431 sacramen-ti
1735 2372 1967 2449 effectum

242 2471 565 2545 spiritualem
607 2481 957 2541 assequantur.
1003 2469 1352 2538 Quamobrem
1399 2469 1534 2524 idem
1577 2467 1963 2541 Van-Espenius

242 2567 354 2623 eod.
400 2585 509 2640 cap.
555 2584 691 2621 num.
742 2566 811 2618 10
858 2564 1145 2620 concludit:
1210 2564 1384 2634 Iqitur
1437 2564 1586 2637 filum
1642 2560 1965 2616 Traditionis

241 2664 469 2716 insecuta
530 2662 767 2734 Synodus
828 2660 1139 2715 Tridentina
1194 2671 1324 2714 recte
1383 2659 1655 2714 anatliema
1715 2657 1858 2711 dixit
1908 2656 1967 2711 in

243 2776 379 2823 eum,
407 2756 495 2828 qui
539 2756 761 2822 (Iioeerit,
800 2755 1080 2809 Ecclesiam
1121 2772 1223 2807 non
1258 2754 1482 2826 potuisse
1524 2752 1826 2807 constituere
1868 2752 1966 2805 im-

242 2851 536 2922 pedimenta
596 2851 938 2917 clirimentia,
999 2848 1076 2904 cel
1135 2849 1192 2903 in
1240 2849 1306 2903 iis
1347 2847 1710 2904 constituendis
1753 2863 1963 2902 errasse.
