2114 3289
1689 100 1797 151 273

988 219 1041 264 D.

212 299 471 357 Disciplina
495 297 762 355 dogmatica
786 296 898 342 223.
924 297 1326 351 FundamentaliS,
1352 296 1450 342 sive
1473 295 1681 355 dogmati
1700 307 1885 342 annexa

275 380 387 424 224.
426 378 665 437 Liturgica
691 379 803 423 ibid.
843 379 1070 432 Externa,
1096 390 1176 423 seu
1212 377 1381 422 Politia
1405 377 1729 423 ecclesiastica
1770 377 1884 421 224.

278 462 392 506 Tota
427 459 600 517 pendet
637 471 661 504 a
698 466 931 516 potestate
970 459 1211 504 Ecclesiae
1250 459 1345 504 225
1386 465 1432 504 et
1468 471 1597 516 seqq.

145 539 463 601 Dispensatio.
501 543 566 586 De
602 537 708 596 jure
760 540 997 584 Pontificis
1046 539 1352 597 dispensandi
1397 552 1536 597 super
1584 538 1886 597 generalibus

279 621 520 667 Ecclesiae
555 621 740 679 legibus
779 621 856 665 78.

215 702 485 747 Dominium
523 702 735 747 eminens
772 701 884 746 263.

980 783 1031 827 Ε.

144 860 367 908 Ecclesia.
407 863 568 909 Status
605 863 702 907 sive
743 863 963 917 societaS,
1003 869 1053 908 ut
1077 860 1232 920 ajunt,
1259 863 1525 921 inaequalis
1560 875 1664 909 cum
1702 875 1882 909 summa

276 950 508 1002 potestate
563 944 856 1001 imperandi,
908 951 954 989 et
1016 944 1195 990 nemini
1259 945 1464 990 obnoxia
1517 944 1576 999 7,
1627 944 1656 988 9
1706 950 1752 989 et
1803 944 1883 990 40.

275 1022 391 1082 Ejus
425 1025 637 1070 definitio
686 1025 765 1068 40.
818 1025 1155 1070 Ecclesiastica
1192 1032 1400 1082 potestas
1426 1038 1449 1070 a
1485 1026 1671 1072 Christo
1708 1026 1880 1070 tradita

276 1109 410 1152 Petro
449 1113 495 1152 et
537 1106 774 1164 Apostolis
824 1119 1078 1164 eorumque
1129 1108 1480 1153 successoribus
1536 1108 1587 1151 11
1645 1114 1691 1153 et
1750 1120 1880 1165 seqq.

279 1190 487 1233 Potestas
523 1188 712 1232 Ordinis
769 1188 840 1232 16.
895 1189 1104 1232 Potestas
1139 1185 1491 1244 jurisdictionis
1550 1189 1621 1233 18.
1669 1190 1883 1233 Potestas

279 1267 575 1313 serendarum
628 1269 782 1326 legum
838 1268 895 1312 19
944 1275 990 1314 et
1042 1268 1119 1313 75.
1173 1270 1382 1313 Potestas
1423 1265 1673 1325 judicandi
1722 1269 1785 1313 22
1837 1275 1884 1314 et

276 1362 406 1406 seqq.
448 1332 659 1394 Potestas
697 1350 923 1406 puniendi
975 1350 1055 1394 26.
1108 1351 1358 1394 Potestatis
1402 1349 1792 1405 Ecclesiasticae‚
1833 1356 1886 1396 ut

278 1427 432 1486 ajunt,
474 1430 840 1487 independentia
877 1429 940 1473 32
979 1437 1024 1475 et
1060 1443 1190 1487 seqq.

151 1511 457 1572 Episcopatus
492 1511 620 1558 novi.
659 1513 899 1566 Quomodo
951 1514 1209 1571 erigantur.
1263 1512 1341 1559 84.
1395 1512 1504 1559 Sola
1542 1514 1756 1560 Ecclesia
1793 1515 1889 1560 eri-

282 1594 540 1651 gendorum
577 1594 945 1651 Episcopatuum
995 1591 1072 1650 jus
1119 1594 1262 1639 habet
1312 1595 1390 1639 86.
1432 1595 1489 1639 Et
1526 1595 1653 1652 ipsos
1702 1598 1892 1653 suppri-

287 1677 463 1732 mendi,
501 1674 825 1734 conjungendi
863 1684 908 1723 et
943 1677 1185 1722 dividendi
1222 1678 1284 1723 88
1323 1684 1369 1723 et
1407 1691 1538 1735 seqq.
1565 1679 1766 1733 Quinam
1800 1680 1892 1725 Ec-

282 1758 454 1803 clesiae
506 1758 695 1802 nomine
750 1758 1052 1816 intelligendi
1105 1758 1200 1802 sint
1249 1759 1311 1803 90
1349 1765 1394 1804 et
1443 1771 1572 1816 seqq.
1626 1760 1724 1813 Quo
1777 1756 1885 1816 jure

281 1838 460 1883 Summi
500 1838 766 1892 l'ontifice5‚
799 1839 1112 1896 Metropolitis
1150 1840 1471 1897 Conciliisque
1508 1840 1882 1897 provincialibus

279 1921 467 1973 amotis,
508 1920 771 1965 erectiones
806 1921 1194 1978 Episcopatuum,
1221 1922 1579 1978 suppressiones
1601 1921 1889 1967 divisiones-

270 2014 360 2058 que
397 2001 486 2046 sibi
523 2001 636 2046 solis
674 2002 928 2046 tribuerint
964 2002 1023 2047 95
1069 2009 1115 2047 et
1151 2015 1280 2060 seqq.

143 2081 380 2144 Episcopi.
419 2085 500 2129 ,Ius
537 2084 683 2128 solius
723 2084 959 2130 Pontificis
1003 2085 1194 2130 creandi
1245 2085 1503 2143 Episcopos
1553 2085 1632 2130 99.
1680 2086 1885 2144 Antiqua

274 2165 597 2223 eligendorum
634 2166 971 2223 Episcoporum
1009 2164 1158 2210 forma
1194 2167 1308 2210 211.
1347 2167 1474 2220 Quae
1513 2166 1693 2212 fuerint
1726 2167 1888 2255 PQUU

274 2253 432 2303 partes
469 2247 515 2291 in
567 2246 732 2293 iisdem
783 2246 1096 2292 electionibus
1144 2247 1231 2291 211
1277 2254 1324 2293 et
1368 2260 1497 2305 seqq.
1546 2249 1886 2307 Episcoporum

274 2327 524 2373 translatio
566 2327 673 2373 103.
711 2328 890 2382 Cessio‚
929 2341 1010 2373 seu
1061 2329 1361 2374 renunciatio
1420 2329 1525 2374 104.
1566 2330 1623 2374 Et
1646 2330 1881 2387 depositio

278 2409 385 2453 105.
426 2411 490 2454 De
526 2405 632 2465 jure
668 2410 907 2455 Pontificis
931 2409 1118 2455 eosdem
1154 2410 1415 2468 Episcopos
1439 2411 1510 2456 vel
1538 2411 1714 2456 invitos
1736 2411 1887 2457 desti-

280 2492 443 2537 tuendi
489 2491 576 2537 106
615 2498 660 2537 et
696 2505 825 2550 seqq.

205 2573 428 2631 Episcopi
467 2586 762 2619 successores
796 2574 1124 2631 Apostolorum
1151 2575 1198 2620 in
1236 2575 1522 2633 Episcopatu
1567 2575 1675 2621 161.
1717 2576 1880 2622 Utrum

275 2668 432 2701 eorum
471 2662 680 2713 potestas
716 2669 740 2700 a
764 2658 1005 2711 Pontifice‚
1043 2671 1099 2703 an
1126 2671 1150 2703 a
1174 2661 1269 2703 Deo
1307 2656 1572 2703 immediate
1610 2657 1882 2705 conseratur

278 2737 382 2781 198.
422 2738 589 2782 Eorum
630 2745 840 2795 potestas
875 2739 1046 2785 finibus
1083 2739 1378 2785 Dioccesium
1416 2740 1690 2786 continetur
1720 2739 1807 2784 163
1836 2746 1882 2785 et

271 2831 400 2875 seqq.
440 2818 560 2864 Sunt
596 2820 790 2865 obnoxii
828 2820 1017 2866 Summo
1064 2821 1276 2867 Pontifici
1316 2829 1362 2866 et
1397 2822 1603 2867 decretis
1638 2834 1876 2867 sacrorum

271 2900 512 2945 Caluinum
556 2902 662 2945 165.
