2114 3289
373 99 482 150 178
545 116 637 152 ΗΒ.
664 116 717 152 11.
748 117 793 151 c,
821 115 872 149 11.
904 114 963 148 DE
995 113 1152 149 EPlsc.
1183 113 1409 157 anumo.
1441 115 1549 150 sun.
1580 114 1640 149 ET
1668 114 1876 153 ornans

339 216 454 263 Vide
478 217 716 263 Usserium
737 212 790 260 de
813 212 995 274 oriqine
1016 212 1352 275 Episcoporum
1373 218 1416 260 et
1438 213 1750 276 Metropolit„
1774 218 1838 263 De
1860 215 2017 262 Marca

271 293 325 342 de
359 294 572 343 concord.
609 292 797 342 Sacerd.
836 300 878 340 et
908 294 1078 355 Imper.
1117 292 1198 339 tib.
1241 295 1270 340 6
1307 307 1407 355 cap.
1446 295 1475 339 4
1535 329 1546 340 .
1586 299 1637 355 5,
1662 303 1711 343 et
1745 296 2018 343 Thomassi-

274 389 384 424 num
421 374 474 422 de
508 381 597 421 vet.
637 380 679 420 et
714 388 821 420 nov.
863 373 988 421 Eccl.
1025 373 1213 435 discipl.
1252 373 1333 420 lib.
1376 375 1397 419 1
1434 381 1561 436 part.
1603 376 1626 422 1
1667 390 1769 440 cap.
1806 377 1836 422 2

1052 547 1095 622 g,
1146 555 1238 607 47.

828 703 900 748 DE
939 702 1126 749 CRUCE
1165 702 1239 747 ET
1278 703 1479 748 PALLIO

365 877 590 949 Insignia
634 876 1086 948 Patriarcharum‚
1130 877 1437 949 Primatum,
1481 891 1527 934 et
1569 877 2010 954 Metropolitarum

287 984 400 1027 sunt
442 992 600 1042 caux,
646 991 774 1045 quae
816 974 942 1046 ipsis
986 971 1286 1046 praefertur,
1330 984 1376 1027 et
1420 992 1657 1043 Paulum,
1684 973 1820 1046 quod
1863 993 2012 1049 super

288 1078 446 1122 vestes
500 1066 813 1140 pontificales
858 1066 1096 1124 defertur.
1150 1066 1225 1122 De
1270 1087 1406 1123 more
1449 1066 1806 1142 praeferendae
1849 1071 2013 1124 crucis

287 1160 492 1216 disserit
533 1159 906 1216 Thomassinus
950 1160 1011 1215 de
1056 1174 1150 1217 vet.
1195 1174 1242 1217 et
1286 1181 1415 1218 nova
1459 1160 1597 1218 Eccl.
1643 1160 1846 1236 discipl.
1890 1181 1941 1236 p.
1981 1164 2007 1215 1

286 1255 378 1312 lib.
426 1254 476 1310 ll
519 1275 629 1330 cap.
671 1260 725 1325 8,
752 1267 798 1311 et
841 1255 1056 1330 denique
1099 1257 1374 1326 concludit,
1394 1256 1660 1329 praelatas
1703 1273 1801 1311 esse
1844 1273 2016 1312 cruces

284 1349 619 1423 Pontificibus
672 1350 905 1422 primum
957 1351 1246 1417 Romanis,
1291 1351 1413 1406 inde
1456 1351 1660 1423 Leqatt's
1694 1350 1976 1425 pontificiis
1993 1393 2014 1418 >

287 1462 345 1498 ac
407 1444 625 1515 denique
679 1444 1124 1517 Archiepiscopis,
1175 1446 1313 1516 quod
1355 1445 1554 1500 nemini
1596 1463 1699 1498 non
1733 1445 2018 1517 persuasis-

287 1538 475 1592 simum
519 1549 661 1605 esset,
706 1556 959 1609 nusquam
1001 1556 1081 1593 eos
1114 1539 1418 1612 procedere,
1452 1556 1706 1610 nusquam
1739 1539 2015 1611 proqredi,

285 1632 387 1687 nisi
430 1633 500 1687 ad
543 1632 732 1688 Christi
775 1651 977 1686 crucem
1013 1633 1390 1706 imperiumque
1417 1645 1506 1688 aut
1532 1632 2016 1701 constabiliendum,

286 1737 376 1780 aut
411 1726 833 1798 propaqanclum.
896 1725 1006 1783 Hoc
1049 1728 1247 1798 insigne
1289 1728 1510 1800 primum
1555 1748 1583 1782 a
1627 1725 1758 1781 Sede
1799 1724 2016 1802 Aposto-

286 1820 386 1876 lica
432 1822 536 1875 suis
580 1819 806 1892 LegatiS,
850 1820 1032 1876 deinde
1074 1818 1413 1889 Patriarchis9
1456 1832 1628 1894 postea
1681 1818 2015 1891 primatibus,

286 1914 488 1969 demum
550 1915 807 1988 aliquibus
867 1912 1278 1990 Archiepiscopis
1341 1933 1631 1970 concessum
1690 1926 1781 1971 est.
1842 1912 2017 1971 Aetate

291 2029 406 2065 vero
451 2007 723 2065 Clementis
767 2008 815 2063 V
855 2011 936 2082 jus
990 2009 1347 2084 praeferendae
1408 2011 1570 2065 crucis
1630 2008 2015 2084 Archiepiscopi

290 2122 461 2160 omnes
520 2103 875 2175 obtinuerant3
926 2104 979 2159 id
1022 2104 1158 2177 quod
1203 2103 1523 2159 manifestum
1566 2115 1640 2160 est
1681 2122 1743 2159 ex
1786 2101 2016 2159 Clemen-

288 2199 392 2253 tina
436 2195 486 2250 ΙΙ
539 2195 601 2250 de
653 2199 972 2270 privilegiis:
1036 2198 1429 2270 Arcltiepiscopo
1482 2216 1579 2270 per
1638 2197 1845 2269 quaevis
1903 2197 2015 2252 loca

287 2300 527 2362 exempta
582 2307 702 2344 suae
755 2292 1058 2363 provinciae
1099 2292 1312 2365 facienti
1355 2292 1670 2359 transitum,
1714 2303 1805 2346 aut
1846 2291 1917 2346 ad
1957 2309 2017 2346 ea

287 2386 464 2457 forsan
508 2383 792 2439 declinanti
810 2427 830 2452 2
875 2397 930 2439 ut
976 2405 1175 2441 crucem
1218 2398 1335 2440 ante
1379 2404 1426 2442 se
1468 2387 1626 2441 libere
1671 2397 1883 2459 portare
1938 2385 2018 2457 fa-

288 2480 391 2533 ciat
396 2520 489 2536 .....
534 2496 677 2532 sacro
713 2480 962 2551 probante
1009 2480 1267 2547 Concilio,
1303 2481 1590 2553 praesentis
1633 2479 2018 2535 Constitutionis

290 2573 419 2627 serie
464 2573 714 2627 duximus
757 2574 1153 2629 concedendum..

371 2664 534 2737 Origo
596 2667 739 2740 pallii
791 2668 1182 2740 antiquissima„
1226 2667 1313 2723 sed
1357 2670 1564 2725 incerta.
1608 2666 1835 2737 Quidam
1880 2667 2015 2722 arhi-

292 2772 504 2828 trantur,
548 2760 759 2833 pallium
805 2760 931 2815 nihil
975 2760 1113 2815 aliud
1157 2762 1301 2816 initio
1345 2759 1518 2830 fuisse9
1553 2779 1706 2834 quam
1748 2760 2009 2835 imperiale

294 2854 655 2922 indumentum,
692 2855 826 2927 qum!
874 2852 1231 2910 Constantinus
1275 2853 1512 2925 Magnus,
1558 2856 1744 2929 aliique
1789 2854 2010 2928 Impera-
