2114 3289
1697 147 1800 198 :271

844 277 1224 357 INDEX

677 432 884 502 RERUM
934 431 1387 501 PRlEfflPUIRUM

511 584 566 649 IN
622 583 772 653 JURE
829 584 1073 653 PUBMCO
1133 583 1561 650 EGGIAESIASTIGO

849 778 1235 799 mmo—0*

613 917 890 964 NUMERUS
928 917 1165 963 INDICAT
1202 917 1458 963 PAGINAM

1014 1079 1065 1121 A.

237 1159 544 1204 Amortizatio
569 1159 681 1205 256.
707 1160 777 1204 An
814 1159 888 1204 lex
913 1159 1290 1204 amortizationis
1327 1160 1386 1204 sit
1421 1157 1549 1216 justa
1573 1159 1668 1204 256
1694 1165 1740 1204 et
1775 1173 1903 1217 seqq.

171 1239 400 1285 Armatae.
438 1242 728 1286 Aunatarum
765 1240 898 1299 origo
941 1239 1048 1284 140.
1072 1240 1175 1285 Non
1212 1247 1319 1286 sunt
1343 1241 1632 1286 slmoniaeae
1669 1254 1755 1287 nee
1781 1238 1912 1298 inju-

306 1328 404 1367 stae
450 1321 555 1365 141.

239 1403 546 1459 Apoerisarii,
586 1415 665 1447 seu
704 1402 1014 1459 Responsales
1058 1400 1163 1445 143.

174 1481 399 1543 Apostoli.
439 1483 584 1527 Erant
618 1482 813 1527 obnoxii
852 1483 1076 1527 Primatui
1114 1482 1161 1527 S.
1188 1481 1310 1527 Petri
1366 1482 1441 1526 14.
1492 1483 1663 1527 Eorum
1702 1489 1910 1540 potestas

303 1565 475 1623 triplex
517 1565 626 1611 162.
653 1565 1041 1610 Ext1·aordinaria
1065 1566 1268 1610 cessavit
1299 1577 1457 1610 eorum
1482 1572 1630 1611 morte
1663 1566 1766 1610 162.
1793 1567 1918 1623 Apo-

309 1646 534 1691 stolorum
573 1646 878 1692 Suceessores
913 1646 963 1690 in
1001 1645 1276 1692 Sacerdotio
1320 1645 1426 1690 163.
1474 1646 1752 1692 Eorumdem
1798 1647 1918 1691 Sue-

308 1739 520 1773 cessores
558 1729 607 1771 in
644 1727 930 1784 Episcopatu
969 1727 1084 1772 ibid.

175 1805 454 1868 Appellatio.
482 1810 544 1853 De
566 1805 672 1864 jure
698 1807 934 1853 Pontifieis
957 1808 1219 1865 reeipiendi
1245 1807 1586 1865 appellationes
1608 1808 1792 1852 ratione
1818 1808 1919 1852 Pri-

308 1896 460 1934 matus
506 1888 610 1932 149.
649 1888 914 1946 Appellatio
940 1900 964 1933 a
1001 1889 1237 1934 sententia
1274 1889 1512 1934 PontificiS
1538 1889 1690 1943 irrita,
1731 1889 1918 1943 illicita,

308 1978 353 2017 et
388 1971 699 2016 condemnata
743 1972 847 2016 150.
876 1971 1230 2029 Appellationes
1268 1977 1502 2032 tamquam
1539 1969 1595 2015 ob
1618 1969 1766 2016 abusu
1804 1971 1916 2016 249.

310 2053 376 2097 Au
417 2065 621 2109 unquam
659 2052 821 2097 licitae
858 2059 904 2098 et
942 2059 1071 2097 ratae
1109 2053 1205 2097 250
1242 2059 1287 2098 et
1323 2065 1453 2110 seqq.

1020 2217 1068 2262 Β.

182 2295 494 2357 Beotifieatio.
534 2296 655 2342 Olim
693 2297 940 2355 Episcopis
976 2298 1203 2355 permissa
1242 2297 1320 2344 82.

309 2380 444 2424 Bona
480 2378 731 2425 Ecclesiae.
760 2380 997 2425 Possessio
1036 2380 1264 2426 bonorum
1289 2380 1528 2426 stabilium
1555 2387 1662 2426 ante
1686 2381 1921 2426 Constan-

314 2461 465 2505 tinum
501 2461 560 2506 M.
588 2460 699 2505 253.
739 2460 979 2514 Quomodo
1017 2461 1353 2519 patrimonium
1392 2467 1577 2506 auctum
1604 2460 1715 2505 254.
1740 2461 1820 2506 Jus
1843 2474 1924 2506 ae-

312 2541 498 2598 quiren.
539 2548 583 2587 et
618 2542 855 2599 possiden.
884 2541 997 2587 255.
1036 2543 1268 2588 Bonorum
1294 2542 1463 2588 eccles.
1495 2542 1755 2587 dominium
1780 2555 1924 2599 penes

316 2622 574 2667 Ecclesiam
613 2629 658 2667 et
681 2623 800 2667 Loca
827 2623 905 2666 Pia
930 2622 1042 2668 262.
1070 2623 1287 2668 Subsidia
1322 2623 1539 2669 societati
1576 2623 1706 2675 civili
1735 2637 1757 2668 e
1789 2622 1925 2667 1101115

318 2703 558 2747 Ecclesiae
595 2702 766 2748 collata
804 2703 894 2748 261
938 2710 984 2749 et
1020 2704 1133 2750 265.

189 2780 433 2843 Beneficia.
474 2785 744 2829 Reservatio
782 2785 1120 2830 Beneficiorum
1166 2784 1270 2829 134.
1307 2785 1388 2830 Jus
1424 2785 1760 2842 Episcoporuui
1810 2798 1927 2830 cou-

317 2861 495 2908 serendi
532 2864 763 2909 Beneficia
810 2863 915 2908 134.
942 2866 1040 2918 Quo
1078 2862 1185 2922 jure
1220 2865 1400 2911 Summi
1425 2866 1672 2910 Pontifices
1696 2865 1923 2910 beneficia

318 2943 514 2988 aliarum
564 2944 851 2990 dioecesium
903 2946 992 2991 sibi
1030 2940 1293 2992 reservent?
1350 2945 1440 2991 136
1477 2953 1521 2992 et
1559 2959 1688 3004 seqq.
