2114 3289
324 143 432 196 136
480 160 573 196 LIB.
595 158 646 195 11.
670 158 716 194 C.
736 157 770 192 1.
796 128 855 193 [ὶῖ
886 157 934 191 R.
965 154 1229 191 PONTIFICE
1259 155 1427 198 EJUSQ.
1452 153 1784 191 ADJL'TORIBUS

314 264 407 318 His
465 264 662 337 positis,
708 260 934 332 quaestio
985 259 1040 312 fit
1099 278 1198 330 quo
1256 259 1365 328 jure
1427 258 1623 314 Summi
1676 256 1950 313 Pontifices

235 359 475 414 beneficia
527 356 741 410 aliarum
801 351 1120 408 Dioecesium
1164 350 1263 406 sibi
1324 349 1612 409 reservent?
1656 350 1955 426 Responde-

234 471 346 507 mus
389 449 564 505 eodem
606 446 828 521 profecto
855 446 986 516 jure,
1029 464 1127 518 quo
1151 443 1396 516 qraciora
1437 446 1688 515 quaedam
1731 444 1957 499 crimina

232 563 322 599 suo
371 540 633 615 peculiari
670 539 881 614 judicio
931 556 1191 593 reservare
1243 548 1544 610 potuerunt,
1603 539 1791 593 scilicet
1827 537 1954 612 jure

233 638 499 693 Primatus
532 653 633 708 pro
674 652 768 689 sua
808 634 866 689 in
907 632 1136 688 Ecclesia
1175 632 1417 687 universa
1474 631 1569 686 sibi
1613 633 1810 688 tradita
1861 650 1957 705 po·

234 741 430 798 testate,
474 741 578 785 tum
622 749 713 804 pro
757 747 991 803 supremo
1034 729 1078 784 si
1130 746 1229 783 non
1272 725 1521 796 dominio,
1563 738 1613 781 at
1678 739 1808 782 certe
1866 745 1949 782 su-

234 847 407 901 prema
467 825 937 882 Ecclesiasticorum
994 824 1242 880 bonorum
1301 823 1526 878 omnium
1581 822 1956 878 admnistratio-

235 941 314 991 ne,
357 922 426 976 ita
469 932 542 990 ut,
582 919 718 993 quod
763 919 975 990 singulis
1019 917 1286 992 Episcopis
1336 919 1388 972 in
1440 937 1529 973 sua
1589 917 1768 989 cuique
1808 915 1960 972 Dioe-

239 1017 339 1070 cesi
392 1034 539 1086 agere
600 1014 734 1083 licet,
792 1012 846 1068 id
907 1013 1030 1085 quin
1088 1010 1298 1067 Summo
1359 1009 1597 1067 Pontifici
1640 1011 1692 1065 in
1735 1010 1958 1083 qualibet

237 1109 469 1165 Dioecesi
517 1108 665 1164 liceat
724 1106 1059 1162 dubitandum
1119 1107 1324 1160 minime
1374 1105 1466 1174 sit,
1526 1123 1639 1160 cum
1698 1105 1806 1177 ipse
1865 1103 1962 1159 Ec-

239 1205 507 1259 clesiarum
585 1202 810 1258 omnium
871 1220 1043 1255 curam
1109 1211 1155 1254 et
1214 1199 1607 1255 sollicitudinem
1676 1209 1854 1269 gerat,
1913 1209 1962 1252 et

236 1299 360 1354 hene
401 1298 463 1353 de
505 1297 731 1353 Ecclesia
787 1296 999 1364 meritiS,
1042 1314 1132 1368 pro
1175 1313 1232 1349 ea
1284 1293 1654 1362 laborantibus,
1697 1292 1953 1361 litteratis,

240 1404 287 1447 et
345 1391 650 1466 pauperihus
694 1389 757 1444 ad
809 1408 922 1444 eum
982 1387 1383 1458 confugientibus
1445 1387 1723 1456 consulere,
1776 1397 1828 1440 ut
1869 1405 1963 1460 par

243 1498 335 1555 est,
378 1497 424 1539 et
465 1485 751 1559 prospicere
794 1482 989 1538 debeat.
1021 1479 1102 1535 Ad
1145 1481 1267 1535 haec
1302 1481 1432 1535 adde
1474 1479 1748 1536 Sacrorum
1793 1477 1960 1535 Cano-

243 1599 361 1634 num
406 1579 736 1653 praescripta,
779 1576 840 1631 de
866 1576 1048 1648 quihus
1093 1575 1325 1631 omnibus
1352 1574 1448 1630 late
1476 1574 1727 1629 disserunt
1751 1572 1962 1628 Piehler

242 1677 293 1729 in
338 1674 427 1729 lil).
474 1670 549 1725 ΙΙΙ
600 1671 798 1727 Decret.
844 1672 918 1726 tit.
966 1673 1018 1726 5.
1063 1688 1113 1725 n.
1161 1672 1275 1738 41„
1336 1668 1492 1724 Biner
1549 1668 1750 1724 dissert.
1800 1669 1850 1724 1.
1898 1668 1960 1721 ‹le

233 1769 359 1842 jure
402 1765 707 1839 beneficiali,
752 1763 997 1834 Pirrhing
1038 1764 1100 1818 de
1135 1764 1315 1835 praeb.
1360 1773 1407 1817 et
1448 1762 1635 1834 aliquit.
1668 1773 1785 1818 sect.
1817 1766 1871 1818 3.
1915 1756 1961 1833 §.

247 1866 297 1918 1.
343 1881 391 1918 n.
440 1864 530 1916 74.
574 1859 945 1915 Thomassinus
992 1870 1110 1914 tom.
1157 1856 1225 1913 ΙΙ.
1253 1857 1343 1913 lib.
1391 1859 1442 1914 1.
1487 1876 1597 1931 cap.
1645 1858 1760 1925 31„
1805 1854 1962 1913 Gard.

242 1955 420 2012 Gerdil
462 1955 520 2009 in
562 1957 838 2009 Commem.
883 1971 916 2007 α
955 1951 1159 2006 Juscino
1213 1951 1468 2007 Febronio
1510 1951 1566 2004 in
1616 1968 1760 2005 suam
1803 1961 1967 2004 retra-

242 2050 513 2105 ctationem
556 2048 692 2103 edito
734 2047 998 2104 animadv.
1046 2048 1160 2115 31„
1203 2045 1483 2101 Zaccharia
1509 2045 1567 2099 in
1608 2043 1968 2117 Amifebronio

243 2143 436 2199 vindic.
480 2142 604 2198 diss.
650 2139 769 2198 VII.
815 2152 916 2198 toto
960 2160 1070 2214 cap.
1119 2144 1194 2208 5.,
1238 2139 1424 2211 aliique
1466 2139 1723 2212 permulti.

325 2235 426 2292 Sed
453 2237 627 2307 ajunt:
671 2237 714 2290 si
742 2235 939 2291 Summi
982 2233 1254 2289 Pontifices
1281 2233 1406 2288 illud
1441 2234 1520 2303 jus
1555 2243 1967 2306 potestatemque,

248 2350 346 2403 qua
374 2332 424 2385 in
454 2329 767 2385 conferendis
802 2329 1058 2384 beneficiis
1088 2329 1164 2382 usi
1192 2340 1305 2383 sunt
1332 2339 1434 2381 tum
1471 2328 1662 2381 ratione
1690 2324 1967 2392 PrimatuS,

246 2439 349 2481 tum
392 2427 582 2481 ratione
626 2442 886 2498 supremae
936 2424 1183 2479 bonorum
1236 2422 1706 2478 Ecclesiasticorum
1749 2420 1966 2475 admini-

249 2521 526 2588 strationis,
570 2531 674 2573 tum
726 2517 939 2590 denique
999 2517 1273 2573 Sacrorum
1333 2515 1595 2572 Canonum
1656 2513 1966 2589 praescripto

248 2617 562 2685 habuissent,
615 2613 867 2687 quomodo
912 2613 1018 2668 fieri
1068 2625 1280 2686 poterat,
1324 2625 1376 2667 ut
1420 2631 1517 2667 non
1560 2611 1722 2666 solum
1775 2608 1967 2681 aliquot

250 2711 523 2780 Ecclesiae,
567 2729 737 2764 verum
789 2709 938 2763 etiam
981 2709 1174 2779 integra
1227 2726 1401 2778 regna,
1453 2709 1660 2780 ipsaque
1713 2704 1966 2774 generalia

251 2802 479 2859 Concilia
540 2805 646 2875 ejus
708 2804 959 2859 mandatis
1020 2813 1066 2856 et
1126 2801 1548 2857 reservationilms
1617 2793 1965 2854 obsisterent?

253 2897 403 2970 Atqui
465 2900 775 2954 vehementer
835 2898 1148 2954 obstiterunt.
1209 2893 1514 2968 Priusquam
1568 2894 1651 2963 iis,
1713 2893 1798 2966 qui
1841 2892 1964 2947 haec
