2114 3289
328 139 438 191 118
487 156 580 192 ΗΒ.
603 156 654 192 11.
677 157 721 191 C.
754 156 785 191 1.
817 155 876 189 DE
905 155 952 189 n.
984 155 1246 191 PonT1F1cE
1274 156 1443 199 muso.
1466 155 1806 194 Aan‘romssus

238 279 453 334 poenam
496 262 721 315 intentat.
767 256 1077 331 Magnopere
1119 259 1253 313 enim
1295 259 1573 314 cavendum
1616 273 1708 330 est,
1753 280 1821 322 ne.
1856 262 1963 317 sine

241 353 515 409 admodum
557 352 701 421 gravi
744 362 790 405 et
832 351 1030 421 urgenti
1073 371 1244 421 causa,
1273 353 1379 407 sine
1422 352 1617 410 idoneis
1654 366 1701 408 et
1727 354 1966 425 legitimis

239 448 662 523 probationibus,
707 447 813 501 sine
857 448 1248 517 monitionibus,
1293 459 1379 502 aut
1420 467 1519 504 non
1562 462 1759 506 servata
1803 450 1968 506 forma

238 541 470 613 judiciali
513 560 817 615 quemquam
860 542 1381 597 excommunicatione
1422 543 1675 616 percellat.

321 634 475 703 Quod
527 654 644 691 vero
694 637 907 710 pertinet
950 636 1016 691 ad
1059 637 1639 706 excommunicationeS,
1683 657 1811 711 quae
1853 650 1968 694 sunt

242 751 269 785 a
292 732 423 801 jure,
465 728 736 784 videndum
780 742 854 786 est
895 743 1063 786 utrum
1106 749 1345 798 canones,
1390 732 1496 786 sive
1539 731 1674 802 leges
1715 731 1968 788 Ecclesia-

238 826 393 880 sticae
452 825 517 881 ad
577 825 826 899 quaedam
886 826 1160 882 coercenda
1219 828 1456 897 graviora
1509 827 1724 882 crimina
1766 847 1968 884 excom-

237 921 629 976 municationem
654 923 1041 990 comminentur,
1069 941 1133 977 an
1177 941 1294 978 vero
1337 921 1574 977 inferant.
1617 919 1726 977 Lex
1767 942 1968 979 excom-

238 1018 629 1073 municationem
670 1020 1026 1088 comminatur,
1071 1018 1191 1074 dum
1235 1020 1337 1088 his,
1383 1018 1458 1073 vel
1503 1019 1756 1074 similibus
1800 1020 1967 1076 verbis

237 1112 428 1167 utitur:
474 1112 985 1181 excommunicetur,
1029 1114 1091 1168 ab
1132 1113 1366 1184 ingressu
1413 1112 1670 1167 Ecclesiae
1730 1124 1971 1168 arceatur

237 1204 327 1259 sub
361 1224 532 1278 poena
575 1208 1147 1275 eoecominunicationiS,
1174 1209 1263 1262 sub
1305 1207 1728 1262 interminatione
1760 1207 1971 1262 ana-tlte-

239 1301 418 1371 matis,
461 1302 644 1374 quibus
690 1303 854 1358 verbis
898 1304 1353 1359 excommunicatio
1397 1321 1495 1358 non
1540 1301 1726 1372 fertur,
1769 1303 1857 1359 sed
1899 1302 1972 1358 fe-

182 1454 189 1459 ,
238 1395 395 1450 renda
455 1396 774 1466 decernitur,
834 1409 881 1452 et
938 1397 1149 1471 proinde
1207 1397 1662 1453 excommunicatio
1722 1397 1968 1469 ferendae

237 1490 515 1544 sententiae
558 1493 864 1547 nominatur.
911 1490 967 1547 Si
1015 1511 1129 1548 vero
1172 1492 1254 1546 lex
1296 1492 1447 1546 hasce
1474 1492 1549 1546 vel
1576 1491 1629 1546 id
1656 1510 1812 1563 genus
1839 1493 1967 1547 alias

241 1584 508 1640 verborum
544 1585 787 1641 formulas
831 1586 1090 1655 adhibeat,
1119 1586 1626 1640 eoecommunicamus
1668 1587 1778 1658 ipso
1815 1586 1966 1659 jure,

239 1677 349 1750 ipso
405 1679 578 1750 faetO,
639 1680 728 1733 sub
780 1698 950 1752 poena
1003 1680 1552 1735 eoecommunicationis
1593 1680 1786 1746 statim,
1825 1679 1967 1734 illico

236 1771 606 1840 incurrendae,
651 1775 1176 1829 eoecommunicationi
1217 1775 1326 1847 ipso
1367 1775 1500 1845 facto
1542 1773 1827 1847 subjaceat,
1855 1793 1969 1848 per-

238 1868 466 1941 spicuum
525 1880 635 1938 est,
695 1871 1267 1925 excommunicationem
1327 1868 1392 1924 ab
1446 1870 1555 1943 ipsa
1598 1868 1707 1941 lege
1751 1868 1962 1938 inferri,

237 1962 451 2034 ideoque
492 1962 678 2018 dicitur
717 1965 1172 2019 excommunicatio
1217 1963 1351 2018 latae
1395 1962 1690 2019 sententiae.
1736 1962 1870 2018 Dum
1902 1983 1965 2018 ex

240 2056 443 2126 verbis,
504 2058 686 2130 quibus
747 2058 827 2112 lex
871 2059 1062 2128 utitur,
1107 2077 1205 2113 non
1251 2059 1374 2113 satis
1417 2058 1751 2129 intelligitur,
1794 2070 1962 2113 utrum

237 2154 691 2209 excommunicatio
735 2155 800 2208 sit
839 2153 1108 2224 serendae,
1138 2172 1205 2206 an
1232 2151 1366 2207 latae
1392 2152 1689 2220 sententiae,
1717 2152 1965 2208 censenda

238 2257 311 2300 est
365 2246 650 2316 ferendae,
703 2248 821 2319 quia
864 2248 922 2301 in
957 2248 1139 2319 poenis
1181 2247 1453 2319 beniqnior
1497 2257 1564 2301 est
1606 2246 1965 2318 interpretatio

237 2339 479 2411 facienda
521 2360 582 2395 ex
626 2360 729 2411 reg.
777 2345 867 2397 45.
913 2344 963 2396 in
1010 2348 1062 2397 6.

316 2433 795 2490 Luculeutissimum
839 2436 1082 2491 hahemus
1129 2440 1387 2509 utriusque
1424 2434 1960 2491 cxcommtmicationis

238 2530 521 2603 exemplum
582 2531 633 2583 in
694 2527 922 2585 Concilio
976 2529 1290 2585 Antiocheno
1341 2549 1471 2586 anno
1530 2531 1701 2595 341.‚
1746 2546 1963 2599 namque

239 2643 425 2678 canone
473 2626 522 2679 1.
554 2625 621 2678 ita
666 2626 931 2679 statuitur:
970 2628 1175 2690 Omnes,
1203 2625 1291 2695 qui
1327 2625 1441 2678 ausi
1465 2624 1663 2695 fuerint
1688 2621 1961 2675 dissolvere

238 2717 587 2790 definitionem
630 2718 791 2772 sancti
834 2729 878 2772 et
908 2718 1082 2788 maqni
1112 2718 1354 2784 Concilii,
1382 2718 1519 2788 quod
1545 2717 1685 2789 apud
1712 2716 1962 2771 Nicaeam

237 2822 598 2880 conmeantum
657 2822 726 2865 est
786 2812 847 2866 cle
907 2811 1177 2883 salutifera
1243 2809 1560 2865 solemnitate
1626 2810 1959 2864 sacratissimi

234 2903 461 2957 Paschae
525 2905 1041 2961 excommunicandos
1084 2917 1129 2960 et
1179 2906 1240 2959 (Ie
1285 2905 1513 2961 Ecclesia
1550 2904 1814 2977 pellendos
1859 2921 1957 2958 esse
