2114 3289
354 172 464 225 116
577 191 692 227 CAP.
721 189 791 225 111.
822 188 882 224 ne
907 186 1148 225 coLLEcT.
1181 187 1399 225 sannon.
1427 187 1678 225 canonum

265 294 551 364 significare
596 304 785 347 tantum
831 290 1008 359 voluit,
1052 309 1267 346 canones
1310 309 1482 346 omnes
1527 289 1840 362 rejiciendos·
1859 309 1988 362 esse,

266 389 352 460 qui
399 385 639 443 Nicaenis
689 385 1096 453 adversarentur,
1125 383 1554 457 quemadmodum
1600 386 1810 459 ipsemet
1840 383 1997 441 Inno-

264 484 454 537 centius
498 481 792 535 sententiani
839 497 981 533 suam
1026 478 1324 547 declaravit,
1369 480 1438 533 ita
1465 478 1703 535 subdens:
1736 479 1794 536 St
1819 489 1991 535 autem

267 575 361 632 alii
393 574 754 647 prostrantur)
799 574 888 643 qni
932 591 964 627 a
1015 572 1262 627 Nicaenis
1323 571 1601 626 canonibus
1660 573 1989 639 dissentiant,

262 670 303 724 ii
344 671 405 724 ab
448 668 712 741 ,Episcopis
757 667 1017 722 catholicis
1059 666 1396 739 rejiciantur.
1633 691 1656 712 ο

265 763 662 836 Christophorus
712 761 951 818 Justellus
1013 760 1254 817 Codicem
1315 760 1476 816 edidit
1537 762 1630 816 sub
1689 762 1786 817 hoc
1848 762 1992 817 titulo
2033 766 2045 772 ”

264 880 288 914 α,
326 858 499 911 sodex
542 875 800 911 canonum.
860 856 1118 911 Ecclesiae
1168 856 1436 911 universae
1477 866 1531 925 »3
1576 867 1623 910 et
1682 855 1826 910 illum
1886 875 1994 912 esse

260 954 487 1022 jactavit9
531 972 629 1025 quo
674 950 958 1007 Concilium
1003 950 1413 1007 Clialcedonense
1476 970 1592 1007 usus
1655 963 1748 1021 est,
1809 953 1995 1025 quique

263 1059 374 1102 ante
417 1044 701 1101 Concilium
746 1047 911 1120 ipsun]
957 1065 1054 1101 non
1099 1046 1262 1102 solum
1307 1047 1359 1101 in
1391 1044 1712 1102 Occidentali
1742 1045 1993 1114 Ecclesia,

262 1160 433 1196 verum
477 1141 627 1195 otiam
674 1143 722 1195 in
755 1139 1006 1195 Orientali
1047 1142 1395 1195 auctoritatem
1437 1140 1712 1196 obtinebat.
1745 1139 1997 1208 Quesnel-

260 1235 336 1290 lus
380 1237 430 1290 in
475 1235 750 1308 appendice
781 1254 988 1309 operum
1021 1233 1074 1290 S.
1106 1232 1289 1290 Leonis
1330 1233 1509 1306 Magni
1557 1235 1714 1289 alium
1752 1232 1995 1290 Codicem

261 1330 489 1404 protulit,
533 1348 631 1402 quo
676 1327 964 1383 Romanam
1007 1328 1289 1383 Ecclesiam
1340 1340 1453 1384 ante
1513 1328 1819 1399 Dionysium
1874 1327 1999 1383 Exi-

261 1443 415 1496 guum
459 1443 601 1478 usam
641 1442 748 1478 esse
779 1423 1050 1478 contendit.
1084 1421 1185 1478 Sed
1216 1424 1414 1496 utrique
1444 1421 1623 1479 Codici
1655 1442 1744 1478 nec
1775 1424 1997 1479 auctori-

264 1531 339 1574 tas
370 1538 457 1574 nec
489 1518 613 1573 fides
658 1518 759 1572 ulla
807 1517 871 1572 ab
913 1517 1126 1572 eruditis
1170 1517 1357 1572 tributa
1401 1529 1493 1574 est.
1537 1516 1613 1573 De
1643 1519 1723 1573 his
1755 1517 1990 1574 omnibus

263 1614 371 1669 fuse
414 1624 691 1668 tractarunt
732 1611 933 1667 Fratres
963 1610 1212 1666 Ballerini
1249 1610 1311 1666 de
1353 1614 1576 1685 antiquis
1608 1611 1991 1668 collectionibus

264 1727 510 1763 canonum
555 1719 685 1780 part.
730 1703 753 1760 I
807 1726 919 1781 cap.
967 1708 991 1759 1
1059 1725 1108 1761 n.
1161 1710 1187 1758 7
1255 1717 1304 1760 et
1361 1725 1502 1780 seqq.
1550 1704 1877 1763 Coustantius
1939 1707 1993 1761 in

268 1802 428 1877 praef.
491 1801 555 1856 ad
616 1820 693 1874 ep.
755 1799 908 1857 Rom.
970 1799 1163 1857 Pontif.
1226 1812 1273 1855 et
1332 1799 1552 1856 Joannes
1613 1800 1810 1857 Bartoli
1880 1799 1996 1857 Jur.

263 1896 389 1953 Can.
434 1894 598 1953 Instit.
644 1915 754 1970 cap.
803 1899 895 1951 46.

260 1990 380 2048 Non
423 1993 517 2046 erit
558 1991 647 2046 abs
692 2009 744 2044 re
797 2009 1212 2060 commemorare,
1275 1990 1506 2045 eumdem
1565 1988 1993 2064 Christophorum

261 2085 527 2141 Justellum
570 2084 791 2140 edidisse
835 2083 1097 2155 Codicem‚
1144 2087 1224 2140 cui
1269 2085 1441 2140 titulus
1480 2084 1703 2141 «Cocleoe
1733 2101 1994 2139 canonum

260 2178 520 2234 Ecclesiae
572 2178 850 2250 Africanae
901 2189 947 2248 ))‚
992 2180 1040 2233 in
1102 2197 1239 2252 quo,
1301 2191 1354 2233 nt
1413 2179 1484 2235 ait
1537 2177 1862 2234 Coustantius
1907 2182 1993 2235 cit.

260 2276 393 2345 1000,
436 2274 513 2328 nit
548 2284 778 2346 praestat
819 2275 1014 2342 minua,
1058 2293 1213 2346 quam
1256 2276 1393 2346 quod
1414 2274 1708 2348 pollicetur.
1751 2275 1994 2330 Crederes

262 2369 398 2424 enim
440 2369 497 2423 in
538 2388 594 2423 eo
625 2368 875 2422 contineri
900 2387 1117 2424 canones
1148 2388 1366 2442 prorsus
1397 2388 1591 2437 omnes,
1622 2387 1745 2440 quos
1774 2368 1998 2424 habuere

260 2464 316 2516 in
355 2482 453 2517 usa
496 2461 735 2534 Africani
776 2464 986 2519 Patres,
1033 2463 1174 2517 Alios
1217 2481 1335 2517 vero
1377 2463 1545 2517 nullos
1605 2463 1846 2529 exhibet,
1891 2462 1995 2516 nisi

262 2575 385 2629 quos
427 2556 870 2628 Cartlzaqiniensis
901 2557 1139 2627 Synodus
1165 2576 1303 2611 anno
1335 2559 1448 2612 419
1480 2557 1559 2611 vel
1584 2557 1698 2629 ipsa
1737 2556 1995 2624 condidit,

262 2652 340 2705 vel
381 2671 413 2705 a
454 2651 798 2724 superioribus
858 2650 1095 2706 Conciliis
1140 2652 1285 2706 intra
1332 2651 1533 2705 Aurelii
1580 2650 1823 2724 Episcopi
1871 2654 1995 2706 Car-

264 2746 600 2817 thayin-iensz's
642 2756 875 2818 tempora
916 2745 1147 2799 conditos
1189 2745 1400 2801 recitari
1459 2745 1555 2800 sibi
1591 2745 1769 2818 jussit.
1836 2748 1999 2817 Atque

266 2840 352 2893 Itos
394 2859 608 2895 canones
650 2858 713 2894 ne
757 2841 826 2896 ad
868 2858 982 2894 eum
1010 2840 1216 2911 quidem
1241 2850 1594 2912 repraesentat
1628 2840 1863 2907 modam,
1894 2857 1994 2911 quo

263 2946 570 2990 memoratae
612 2935 809 3007 Synodi
852 2934 976 2990 actis
1019 2934 1199 2989 inserti
1244 2943 1412 3001 erant,
1457 2933 1545 2989 sed
1574 2950 1674 3006 quo
1714 2933 1995 3005 Dionysius
