<?xml version="1.0" encoding="UTF-8"?>
<!DOCTYPE html PUBLIC "-//W3C//DTD XHTML 1.0 Transitional//EN"
    "http://www.w3.org/TR/xhtml1/DTD/xhtml1-transitional.dtd">
<html xmlns="http://www.w3.org/1999/xhtml" xml:lang="en" lang="en">
 <head>
  <title>
</title>
<meta http-equiv="Content-Type" content="text/html;charset=utf-8" />
  <meta name='ocr-system' content='tesseract 3.04.00' />
  <meta name='ocr-capabilities' content='ocr_page ocr_carea ocr_par ocr_line ocrx_word'/>
</head>
<body>
  <div class='ocr_page' id='page_1' title='image "./joanniscardinali00sogl_0153.png"; bbox 0 0 2114 3289; ppageno 0'>
   <div class='ocr_carea' id='block_1_1' title="bbox 294 101 1811 177">
    <p class='ocr_par' dir='ltr' id='par_1_1' title="bbox 294 101 1811 177">
     <span class='ocr_line' id='line_1_1' title="bbox 294 101 1811 177; baseline -0.001 -13"><span class='ocrx_word' id='word_1_1' title='bbox 294 101 339 177; x_wconf 63' lang='lat'><strong>§-</strong></span> <span class='ocrx_word' id='word_1_2' title='bbox 377 125 515 163; x_wconf 72' lang='lat' dir='ltr'><strong>zvm.</strong></span> <span class='ocrx_word' id='word_1_3' title='bbox 547 125 606 161; x_wconf 80' lang='lat' dir='ltr'><strong>DE</strong></span> <span class='ocrx_word' id='word_1_4' title='bbox 634 124 800 162; x_wconf 68' lang='lat' dir='ltr'><strong>snx‘ro</strong></span> <span class='ocrx_word' id='word_1_5' title='bbox 833 124 978 162; x_wconf 74' lang='lat' dir='ltr'><strong>onon.</strong></span> <span class='ocrx_word' id='word_1_6' title='bbox 1008 124 1068 162; x_wconf 85' lang='lat' dir='ltr'><strong>DE</strong></span> <span class='ocrx_word' id='word_1_7' title='bbox 1099 124 1246 164; x_wconf 71' lang='lat' dir='ltr'><strong>cmm.</strong></span> <span class='ocrx_word' id='word_1_8' title='bbox 1275 127 1335 162; x_wconf 83' lang='lat' dir='ltr'><strong>ET</strong></span> <span class='ocrx_word' id='word_1_9' title='bbox 1362 125 1652 164; x_wconf 75' lang='lat' dir='ltr'><strong>ExTRAvAG.</strong></span> <span class='ocrx_word' id='word_1_10' title='bbox 1703 111 1811 164; x_wconf 82' lang='lat'><strong>135</strong></span> 
     </span>
    </p>
   </div>
   <div class='ocr_carea' id='block_1_2' title="bbox 137 226 1891 2939">
    <p class='ocr_par' dir='ltr' id='par_1_2' title="bbox 137 226 1891 2939">
     <span class='ocr_line' id='line_1_2' title="bbox 173 226 1891 302; baseline 0.001 -20"><span class='ocrx_word' id='word_1_11' title='bbox 173 226 397 301; x_wconf 88' lang='lat' dir='ltr'><strong>Utraque</strong></span> <span class='ocrx_word' id='word_1_12' title='bbox 440 227 682 281; x_wconf 88' lang='lat' dir='ltr'><strong>incertum</strong></span> <span class='ocrx_word' id='word_1_13' title='bbox 726 237 978 280; x_wconf 77' lang='lat' dir='ltr'>auctorem</span> <span class='ocrx_word' id='word_1_14' title='bbox 1022 227 1191 296; x_wconf 86' lang='lat' dir='ltr'><strong>hahet,</strong></span> <span class='ocrx_word' id='word_1_15' title='bbox 1236 246 1392 300; x_wconf 89' lang='lat' dir='ltr'><strong>neque</strong></span> <span class='ocrx_word' id='word_1_16' title='bbox 1453 228 1604 282; x_wconf 89' lang='lat' dir='ltr'><strong>etiam</strong></span> <span class='ocrx_word' id='word_1_17' title='bbox 1666 247 1891 302; x_wconf 86' lang='lat' dir='ltr'><strong>comper-</strong></span> 
     </span>
     <span class='ocr_line' id='line_1_3' title="bbox 170 320 1891 395; baseline 0.001 -19"><span class='ocrx_word' id='word_1_18' title='bbox 170 333 274 376; x_wconf 89' lang='lat' dir='ltr'><strong>tum</strong></span> <span class='ocrx_word' id='word_1_19' title='bbox 316 332 390 376; x_wconf 91' lang='lat' dir='ltr'><strong>est</strong></span> <span class='ocrx_word' id='word_1_20' title='bbox 431 338 528 392; x_wconf 89' lang='lat' dir='ltr'><strong>qua</strong></span> <span class='ocrx_word' id='word_1_21' title='bbox 574 322 868 375; x_wconf 86' lang='lat' dir='ltr'><strong>auctoritate</strong></span> <span class='ocrx_word' id='word_1_22' title='bbox 924 332 1131 393; x_wconf 87' lang='lat' dir='ltr'><strong>utraque</strong></span> <span class='ocrx_word' id='word_1_23' title='bbox 1193 322 1527 395; x_wconf 85' lang='lat' dir='ltr'><strong>promulgata,</strong></span> <span class='ocrx_word' id='word_1_24' title='bbox 1571 340 1628 376; x_wconf 85' lang='lat' dir='ltr'><strong>ac</strong></span> <span class='ocrx_word' id='word_1_25' title='bbox 1671 322 1723 376; x_wconf 92' lang='lat' dir='ltr'><strong>in</strong></span> <span class='ocrx_word' id='word_1_26' title='bbox 1767 320 1891 377; x_wconf 85' lang='lat' dir='ltr'><strong>Cor-</strong></span> 
     </span>
     <span class='ocr_line' id='line_1_4' title="bbox 169 411 1889 488; baseline 0.001 -19"><span class='ocrx_word' id='word_1_27' title='bbox 169 435 260 488; x_wconf 87' lang='lat' dir='ltr'><strong>pus</strong></span> <span class='ocrx_word' id='word_1_28' title='bbox 321 413 458 469; x_wconf 87' lang='lat' dir='ltr'><strong>Juris</strong></span> <span class='ocrx_word' id='word_1_29' title='bbox 528 411 771 468; x_wconf 85' lang='lat' dir='ltr'><strong>Canonici</strong></span> <span class='ocrx_word' id='word_1_30' title='bbox 834 414 987 468; x_wconf 87' lang='lat' dir='ltr'><strong>relata</strong></span> <span class='ocrx_word' id='word_1_31' title='bbox 1048 416 1128 468; x_wconf 88' lang='lat' dir='ltr'><strong>sit.</strong></span> <span class='ocrx_word' id='word_1_32' title='bbox 1174 414 1536 470; x_wconf 81' lang='lat' dir='ltr'>Verumtamen</span> <span class='ocrx_word' id='word_1_33' title='bbox 1598 415 1889 486; x_wconf 88' lang='lat' dir='ltr'><strong>hujusmodi</strong></span> 
     </span>
     <span class='ocr_line' id='line_1_5' title="bbox 166 507 1889 584; baseline 0.002 -22"><span class='ocrx_word' id='word_1_34' title='bbox 166 512 580 578; x_wconf 70' lang='lat' dir='ltr'><strong>Eoetravaqantes</strong></span> <span class='ocrx_word' id='word_1_35' title='bbox 623 519 971 581; x_wconf 78' lang='lat' dir='ltr'>praeterquam</span> <span class='ocrx_word' id='word_1_36' title='bbox 1019 507 1154 580; x_wconf 84' lang='lat' dir='ltr'><strong>quod</strong></span> <span class='ocrx_word' id='word_1_37' title='bbox 1211 511 1463 564; x_wconf 90' lang='lat' dir='ltr'><strong>communi</strong></span> <span class='ocrx_word' id='word_1_38' title='bbox 1515 529 1606 566; x_wconf 85' lang='lat' dir='ltr'><strong>usu</strong></span> <span class='ocrx_word' id='word_1_39' title='bbox 1666 522 1889 584; x_wconf 82' lang='lat' dir='ltr'><strong>receptae</strong></span> 
     </span>
     <span class='ocr_line' id='line_1_6' title="bbox 166 602 1889 676; baseline 0.001 -19"><span class='ocrx_word' id='word_1_40' title='bbox 166 603 367 670; x_wconf 87' lang='lat' dir='ltr'><strong>fuerint,</strong></span> <span class='ocrx_word' id='word_1_41' title='bbox 410 621 473 656; x_wconf 80' lang='lat' dir='ltr'><strong>ex</strong></span> <span class='ocrx_word' id='word_1_42' title='bbox 514 604 718 676; x_wconf 89' lang='lat' dir='ltr'><strong>propria</strong></span> <span class='ocrx_word' id='word_1_43' title='bbox 770 602 985 671; x_wconf 79' lang='lat' dir='ltr'><strong>origine,</strong></span> <span class='ocrx_word' id='word_1_44' title='bbox 1032 603 1261 657; x_wconf 89' lang='lat' dir='ltr'><strong>videlicet</strong></span> <span class='ocrx_word' id='word_1_45' title='bbox 1320 623 1347 656; x_wconf 87' lang='lat' dir='ltr'><strong>a</strong></span> <span class='ocrx_word' id='word_1_46' title='bbox 1392 603 1615 659; x_wconf 86' lang='lat' dir='ltr'>Summis</span> <span class='ocrx_word' id='word_1_47' title='bbox 1675 603 1889 660; x_wconf 88' lang='lat' dir='ltr'><strong>Pontifi-</strong></span> 
     </span>
     <span class='ocr_line' id='line_1_7' title="bbox 162 695 1890 770; baseline 0.001 -18"><span class='ocrx_word' id='word_1_48' title='bbox 162 697 325 766; x_wconf 87' lang='lat' dir='ltr'><strong>cibus,</strong></span> <span class='ocrx_word' id='word_1_49' title='bbox 369 715 431 749; x_wconf 79' lang='lat' dir='ltr'><strong>ex</strong></span> <span class='ocrx_word' id='word_1_50' title='bbox 475 695 655 768; x_wconf 88' lang='lat' dir='ltr'><strong>quibus</strong></span> <span class='ocrx_word' id='word_1_51' title='bbox 704 695 929 765; x_wconf 82' lang='lat' dir='ltr'><strong>singulae</strong></span> <span class='ocrx_word' id='word_1_52' title='bbox 975 697 1286 770; x_wconf 88' lang='lat' dir='ltr'><strong>prodierunt,</strong></span> <span class='ocrx_word' id='word_1_53' title='bbox 1337 699 1436 751; x_wconf 84' lang='lat' dir='ltr'><strong>vim</strong></span> <span class='ocrx_word' id='word_1_54' title='bbox 1479 698 1688 769; x_wconf 80' lang='lat' dir='ltr'><strong>legalem</strong></span> <span class='ocrx_word' id='word_1_55' title='bbox 1740 700 1890 754; x_wconf 86' lang='lat' dir='ltr'><strong>sorti-</strong></span> 
     </span>
     <span class='ocr_line' id='line_1_8' title="bbox 162 788 1885 864; baseline 0.001 -18"><span class='ocrx_word' id='word_1_56' title='bbox 162 803 239 846; x_wconf 88' lang='lat' dir='ltr'><strong>tae</strong></span> <span class='ocrx_word' id='word_1_57' title='bbox 294 802 424 846; x_wconf 90' lang='lat' dir='ltr'><strong>sunt.</strong></span> <span class='ocrx_word' id='word_1_58' title='bbox 486 789 887 860; x_wconf 81' lang='lat' dir='ltr'><strong>Extravagantes</strong></span> <span class='ocrx_word' id='word_1_59' title='bbox 947 789 1157 845; x_wconf 88' lang='lat' dir='ltr'><strong>Joannis</strong></span> <span class='ocrx_word' id='word_1_60' title='bbox 1219 788 1378 845; x_wconf 89' lang='lat' dir='ltr'>XXII</span> <span class='ocrx_word' id='word_1_61' title='bbox 1441 794 1512 847; x_wconf 89' lang='lat' dir='ltr'><strong>sic</strong></span> <span class='ocrx_word' id='word_1_62' title='bbox 1573 793 1885 864; x_wconf 80' lang='lat' dir='ltr'><strong>allegantur:</strong></span> 
     </span>
     <span class='ocr_line' id='line_1_9' title="bbox 159 883 1882 943; baseline 0.002 -4"><span class='ocrx_word' id='word_1_63' title='bbox 159 888 381 941; x_wconf 75' lang='lat' dir='ltr'><strong>Extrav.</strong></span> <span class='ocrx_word' id='word_1_64' title='bbox 429 887 554 939; x_wconf 86' lang='lat' dir='ltr'><strong>Cum</strong></span> <span class='ocrx_word' id='word_1_65' title='bbox 597 883 731 937; x_wconf 86' lang='lat' dir='ltr'><strong>inter</strong></span> <span class='ocrx_word' id='word_1_66' title='bbox 773 885 1046 939; x_wconf 80' lang='lat' dir='ltr'><strong>nonnullos</strong></span> <span class='ocrx_word' id='word_1_67' title='bbox 1088 885 1308 939; x_wconf 73' lang='lat' dir='ltr'><strong>Ioannis</strong></span> <span class='ocrx_word' id='word_1_68' title='bbox 1352 888 1531 941; x_wconf 83' lang='lat' dir='ltr'><em>XXII</em></span> <span class='ocrx_word' id='word_1_69' title='bbox 1579 887 1639 940; x_wconf 89' lang='lat' dir='ltr'><strong>de</strong></span> <span class='ocrx_word' id='word_1_70' title='bbox 1688 887 1882 943; x_wconf 78' lang='lat' dir='ltr'><strong>verbor.</strong></span> 
     </span>
     <span class='ocr_line' id='line_1_10' title="bbox 159 979 1887 1053; baseline 0.001 -20"><span class='ocrx_word' id='word_1_71' title='bbox 159 979 394 1053; x_wconf 64' lang='lat' dir='ltr'><strong>siqnifia:</strong></span> <span class='ocrx_word' id='word_1_72' title='bbox 445 989 826 1048; x_wconf 73' lang='lat' dir='ltr'><strong>extravagantes</strong></span> <span class='ocrx_word' id='word_1_73' title='bbox 878 998 992 1035; x_wconf 77' lang='lat' dir='ltr'><strong>vero</strong></span> <span class='ocrx_word' id='word_1_74' title='bbox 1044 998 1330 1035; x_wconf 84' lang='lat' dir='ltr'><strong>communes</strong></span> <span class='ocrx_word' id='word_1_75' title='bbox 1373 981 1439 1036; x_wconf 92' lang='lat' dir='ltr'><strong>ita</strong></span> <span class='ocrx_word' id='word_1_76' title='bbox 1483 983 1730 1037; x_wconf 87' lang='lat' dir='ltr'><strong>citantur:</strong></span> <span class='ocrx_word' id='word_1_77' title='bbox 1778 982 1887 1035; x_wconf 60' lang='lat' dir='ltr'><strong>Ea*-</strong></span> 
     </span>
     <span class='ocr_line' id='line_1_11' title="bbox 157 1073 1883 1132; baseline 0.001 -5"><span class='ocrx_word' id='word_1_78' title='bbox 157 1084 289 1130; x_wconf 75' lang='lat' dir='ltr'><strong>trav.</strong></span> <span class='ocrx_word' id='word_1_79' title='bbox 334 1075 461 1128; x_wconf 89' lang='lat' dir='ltr'><strong>Rem</strong></span> <span class='ocrx_word' id='word_1_80' title='bbox 504 1090 607 1125; x_wconf 84' lang='lat' dir='ltr'><strong>non</strong></span> <span class='ocrx_word' id='word_1_81' title='bbox 649 1090 830 1126; x_wconf 75' lang='lat' dir='ltr'><strong>novam</strong></span> <span class='ocrx_word' id='word_1_82' title='bbox 875 1073 936 1125; x_wconf 81' lang='lat' dir='ltr'><strong>cle</strong></span> <span class='ocrx_word' id='word_1_83' title='bbox 981 1073 1084 1129; x_wconf 90' lang='lat' dir='ltr'><strong>dol.</strong></span> <span class='ocrx_word' id='word_1_84' title='bbox 1132 1085 1178 1128; x_wconf 86' lang='lat' dir='ltr'><strong>et</strong></span> <span class='ocrx_word' id='word_1_85' title='bbox 1221 1085 1509 1132; x_wconf 66' lang='lat' dir='ltr'><strong>contumac⁸</strong></span> <span class='ocrx_word' id='word_1_86' title='bbox 1555 1076 1690 1130; x_wconf 85' lang='lat' dir='ltr'><strong>inter</strong></span> <span class='ocrx_word' id='word_1_87' title='bbox 1750 1095 1883 1130; x_wconf 88' lang='lat' dir='ltr'><strong>com-</strong></span> 
     </span>
     <span class='ocr_line' id='line_1_12' title="bbox 156 1187 1822 1241; baseline 0.003 -19"><span class='ocrx_word' id='word_1_88' title='bbox 156 1187 299 1223; x_wconf 87' lang='lat' dir='ltr'><strong>mun.</strong></span> <span class='ocrx_word' id='word_1_89' title='bbox 1818 1235 1822 1241; x_wconf 21' lang='lat'>⁸</span> 
     </span>
     <span class='ocr_line' id='line_1_13' title="bbox 238 1261 1882 1337; baseline 0.002 -22"><span class='ocrx_word' id='word_1_90' title='bbox 238 1261 412 1334; x_wconf 86' lang='lat' dir='ltr'><strong>ltaque</strong></span> <span class='ocrx_word' id='word_1_91' title='bbox 473 1281 535 1316; x_wconf 76' lang='lat' dir='ltr'><strong>ex</strong></span> <span class='ocrx_word' id='word_1_92' title='bbox 595 1261 813 1333; x_wconf 84' lang='lat' dir='ltr'><strong>quinque</strong></span> <span class='ocrx_word' id='word_1_93' title='bbox 883 1261 1173 1330; x_wconf 89' lang='lat' dir='ltr'><strong>hujusmodi</strong></span> <span class='ocrx_word' id='word_1_94' title='bbox 1235 1264 1646 1333; x_wconf 73' lang='lat' dir='ltr'><strong>collectionibus,</strong></span> <span class='ocrx_word' id='word_1_95' title='bbox 1708 1283 1882 1337; x_wconf 87' lang='lat' dir='ltr'><strong>nempe</strong></span> 
     </span>
     <span class='ocr_line' id='line_1_14' title="bbox 155 1354 1879 1425; baseline 0.002 -15"><span class='ocrx_word' id='word_1_96' title='bbox 155 1355 504 1410; x_wconf 80' lang='lat' dir='ltr'><strong>Decretalium</strong></span> <span class='ocrx_word' id='word_1_97' title='bbox 547 1354 787 1425; x_wconf 71' lang='lat' dir='ltr'><strong>Greqorii</strong></span> <span class='ocrx_word' id='word_1_98' title='bbox 830 1356 936 1420; x_wconf 84' lang='lat' dir='ltr'><strong>IX,</strong></span> <span class='ocrx_word' id='word_1_99' title='bbox 981 1354 1130 1410; x_wconf 70' lang='lat' dir='ltr'><strong>Sexti</strong></span> <span class='ocrx_word' id='word_1_100' title='bbox 1172 1356 1544 1424; x_wconf 77' lang='lat' dir='ltr'><strong>Decretalium,</strong></span> <span class='ocrx_word' id='word_1_101' title='bbox 1589 1369 1636 1412; x_wconf 89' lang='lat' dir='ltr'><strong>et</strong></span> <span class='ocrx_word' id='word_1_102' title='bbox 1665 1358 1879 1414; x_wconf 89' lang='lat' dir='ltr'><strong>duarum</strong></span> 
     </span>
     <span class='ocr_line' id='line_1_15' title="bbox 154 1445 1878 1521; baseline 0.003 -18"><span class='ocrx_word' id='word_1_103' title='bbox 154 1448 631 1519; x_wconf 73' lang='lat' dir='ltr'><strong>Eoetravaqantium</strong></span> <span class='ocrx_word' id='word_1_104' title='bbox 707 1445 903 1521; x_wconf 89' lang='lat' dir='ltr'><strong>Corpus</strong></span> <span class='ocrx_word' id='word_1_105' title='bbox 981 1447 1118 1503; x_wconf 88' lang='lat' dir='ltr'><strong>Juris</strong></span> <span class='ocrx_word' id='word_1_106' title='bbox 1188 1449 1530 1507; x_wconf 89' lang='lat' dir='ltr'><strong>Ecclesiastici</strong></span> <span class='ocrx_word' id='word_1_107' title='bbox 1609 1452 1878 1508; x_wconf 87' lang='lat' dir='ltr'><strong>conflatum</strong></span> 
     </span>
     <span class='ocr_line' id='line_1_16' title="bbox 149 1543 1875 1619; baseline 0.002 -20"><span class='ocrx_word' id='word_1_108' title='bbox 149 1556 242 1614; x_wconf 74' lang='lat' dir='ltr'><strong>est,</strong></span> <span class='ocrx_word' id='word_1_109' title='bbox 285 1562 408 1598; x_wconf 82' lang='lat' dir='ltr'><strong>nam</strong></span> <span class='ocrx_word' id='word_1_110' title='bbox 450 1543 882 1614; x_wconf 76' lang='lat' dir='ltr'><strong>quemadmodum</strong></span> <span class='ocrx_word' id='word_1_111' title='bbox 922 1545 1016 1597; x_wconf 78' lang='lat' dir='ltr'><strong>Jus</strong></span> <span class='ocrx_word' id='word_1_112' title='bbox 1060 1544 1216 1599; x_wconf 78' lang='lat' dir='ltr'><strong>Civile</strong></span> <span class='ocrx_word' id='word_1_113' title='bbox 1269 1547 1628 1600; x_wconf 81' lang='lat' dir='ltr'><strong>Romanorum</strong></span> <span class='ocrx_word' id='word_1_114' title='bbox 1687 1548 1875 1619; x_wconf 77' lang='lat' dir='ltr'><strong>ubique</strong></span> 
     </span>
     <span class='ocr_line' id='line_1_17' title="bbox 142 1636 1874 1710; baseline 0.003 -19"><span class='ocrx_word' id='word_1_115' title='bbox 142 1656 269 1710; x_wconf 78' lang='lat' dir='ltr'><strong>pene</strong></span> <span class='ocrx_word' id='word_1_116' title='bbox 310 1637 541 1709; x_wconf 55' lang='lat' dir='ltr'><strong>{lentium</strong></span> <span class='ocrx_word' id='word_1_117' title='bbox 573 1656 676 1710; x_wconf 80' lang='lat' dir='ltr'><strong>pro</strong></span> <span class='ocrx_word' id='word_1_118' title='bbox 716 1636 843 1710; x_wconf 80' lang='lat' dir='ltr'><strong>jure</strong></span> <span class='ocrx_word' id='word_1_119' title='bbox 886 1637 1144 1692; x_wconf 85' lang='lat' dir='ltr'><strong>communi</strong></span> <span class='ocrx_word' id='word_1_120' title='bbox 1184 1637 1437 1707; x_wconf 73' lang='lat' dir='ltr'><strong>liabetur,</strong></span> <span class='ocrx_word' id='word_1_121' title='bbox 1499 1652 1554 1695; x_wconf 91' lang='lat' dir='ltr'><strong>ut</strong></span> <span class='ocrx_word' id='word_1_122' title='bbox 1604 1642 1874 1710; x_wconf 83' lang='lat' dir='ltr'><strong>nimirum,</strong></span> 
     </span>
     <span class='ocr_line' id='line_1_18' title="bbox 150 1731 1878 1807; baseline 0.003 -22"><span class='ocrx_word' id='word_1_123' title='bbox 150 1734 278 1786; x_wconf 85' lang='lat' dir='ltr'><strong>Jure</strong></span> <span class='ocrx_word' id='word_1_124' title='bbox 310 1731 490 1804; x_wconf 79' lang='lat' dir='ltr'><strong>patrio</strong></span> <span class='ocrx_word' id='word_1_125' title='bbox 534 1731 998 1786; x_wconf 84' lang='lat' dir='ltr'><strong>consuetudinario</strong></span> <span class='ocrx_word' id='word_1_126' title='bbox 1050 1732 1328 1807; x_wconf 82' lang='lat' dir='ltr'><strong>deficiente,</strong></span> <span class='ocrx_word' id='word_1_127' title='bbox 1372 1753 1553 1789; x_wconf 81' lang='lat' dir='ltr'><strong>causae</strong></span> <span class='ocrx_word' id='word_1_128' title='bbox 1595 1735 1787 1803; x_wconf 77' lang='lat' dir='ltr'><strong>civileS,</strong></span> <span class='ocrx_word' id='word_1_129' title='bbox 1832 1747 1878 1791; x_wconf 88' lang='lat' dir='ltr'><strong>et</strong></span> 
     </span>
     <span class='ocr_line' id='line_1_19' title="bbox 149 1825 1875 1902; baseline 0.003 -23"><span class='ocrx_word' id='word_1_130' title='bbox 149 1826 458 1898; x_wconf 79' lang='lat' dir='ltr'><strong>reipublicae</strong></span> <span class='ocrx_word' id='word_1_131' title='bbox 501 1825 702 1897; x_wconf 70' lang='lat' dir='ltr'><strong>neyotia</strong></span> <span class='ocrx_word' id='word_1_132' title='bbox 744 1844 810 1879; x_wconf 71' lang='lat' dir='ltr'><strong>ece</strong></span> <span class='ocrx_word' id='word_1_133' title='bbox 851 1825 944 1880; x_wconf 91' lang='lat' dir='ltr'><strong>illo</strong></span> <span class='ocrx_word' id='word_1_134' title='bbox 987 1827 1309 1899; x_wconf 71' lang='lat' dir='ltr'><strong>diriqantur,</strong></span> <span class='ocrx_word' id='word_1_135' title='bbox 1355 1839 1401 1882; x_wconf 83' lang='lat' dir='ltr'><strong>et</strong></span> <span class='ocrx_word' id='word_1_136' title='bbox 1442 1829 1486 1883; x_wconf 80' lang='lat' dir='ltr'><strong>si</strong></span> <span class='ocrx_word' id='word_1_137' title='bbox 1528 1830 1655 1900; x_wconf 81' lang='lat' dir='ltr'><strong>quid</strong></span> <span class='ocrx_word' id='word_1_138' title='bbox 1686 1831 1742 1884; x_wconf 84' lang='lat' dir='ltr'><strong>in</strong></span> <span class='ocrx_word' id='word_1_139' title='bbox 1771 1831 1875 1902; x_wconf 78' lang='lat' dir='ltr'><strong>le9e</strong></span> 
     </span>
     <span class='ocr_line' id='line_1_20' title="bbox 138 1920 1873 1992; baseline 0.003 -18"><span class='ocrx_word' id='word_1_140' title='bbox 138 1921 346 1992; x_wconf 80' lang='lat' dir='ltr'><strong>patria,</strong></span> <span class='ocrx_word' id='word_1_141' title='bbox 394 1930 484 1974; x_wconf 90' lang='lat' dir='ltr'><strong>aut</strong></span> <span class='ocrx_word' id='word_1_142' title='bbox 528 1920 891 1974; x_wconf 83' lang='lat' dir='ltr'><strong>consuetudine</strong></span> <span class='ocrx_word' id='word_1_143' title='bbox 920 1921 1064 1975; x_wconf 76' lang='lat' dir='ltr'><strong>dubii</strong></span> <span class='ocrx_word' id='word_1_144' title='bbox 1093 1934 1352 1989; x_wconf 80' lang='lat' dir='ltr'><strong>occurrat,</strong></span> <span class='ocrx_word' id='word_1_145' title='bbox 1384 1942 1449 1977; x_wconf 65' lang='lat' dir='ltr'><strong>ea}</strong></span> <span class='ocrx_word' id='word_1_146' title='bbox 1479 1926 1605 1978; x_wconf 87' lang='lat' dir='ltr'><strong>Jure</strong></span> <span class='ocrx_word' id='word_1_147' title='bbox 1635 1927 1873 1981; x_wconf 85' lang='lat' dir='ltr'><strong>Romano</strong></span> 
     </span>
     <span class='ocr_line' id='line_1_21' title="bbox 146 2013 1867 2087; baseline 0.005 -20"><span class='ocrx_word' id='word_1_148' title='bbox 146 2013 578 2070; x_wconf 68' lang='lat' dir='ltr'><strong>dilucidationem</strong></span> <span class='ocrx_word' id='word_1_149' title='bbox 620 2014 867 2087; x_wconf 77' lang='lat' dir='ltr'><strong>accipiat,-</strong></span> <span class='ocrx_word' id='word_1_150' title='bbox 911 2015 985 2069; x_wconf 87' lang='lat' dir='ltr'><strong>ita</strong></span> <span class='ocrx_word' id='word_1_151' title='bbox 1028 2033 1225 2087; x_wconf 80' lang='lat' dir='ltr'><strong>quoque</strong></span> <span class='ocrx_word' id='word_1_152' title='bbox 1268 2035 1450 2072; x_wconf 81' lang='lat' dir='ltr'><strong>causae</strong></span> <span class='ocrx_word' id='word_1_153' title='bbox 1486 2019 1867 2086; x_wconf 76' lang='lat' dir='ltr'><strong>ecclesiasticae,</strong></span> 
     </span>
     <span class='ocr_line' id='line_1_22' title="bbox 143 2109 1868 2186; baseline 0.003 -24"><span class='ocrx_word' id='word_1_154' title='bbox 143 2127 203 2162; x_wconf 88' lang='lat' dir='ltr'><strong>ac</strong></span> <span class='ocrx_word' id='word_1_155' title='bbox 246 2109 475 2164; x_wconf 75' lang='lat' dir='ltr'><strong>eoeterior</strong></span> <span class='ocrx_word' id='word_1_156' title='bbox 516 2109 771 2163; x_wconf 73' lang='lat' dir='ltr'><strong>Ecclesiae</strong></span> <span class='ocrx_word' id='word_1_157' title='bbox 821 2109 1012 2181; x_wconf 77' lang='lat' dir='ltr'><strong>politia</strong></span> <span class='ocrx_word' id='word_1_158' title='bbox 1070 2113 1197 2164; x_wconf 84' lang='lat' dir='ltr'><strong>Jure</strong></span> <span class='ocrx_word' id='word_1_159' title='bbox 1259 2112 1538 2180; x_wconf 81' lang='lat' dir='ltr'><strong>CanonicO,</strong></span> <span class='ocrx_word' id='word_1_160' title='bbox 1601 2125 1868 2186; x_wconf 78' lang='lat' dir='ltr'><strong>tamquam</strong></span> 
     </span>
     <span class='ocr_line' id='line_1_23' title="bbox 140 2202 1867 2281; baseline 0.005 -26"><span class='ocrx_word' id='word_1_161' title='bbox 140 2205 266 2257; x_wconf 87' lang='lat' dir='ltr'><strong>Jure</strong></span> <span class='ocrx_word' id='word_1_162' title='bbox 325 2203 583 2256; x_wconf 85' lang='lat' dir='ltr'><strong>communi</strong></span> <span class='ocrx_word' id='word_1_163' title='bbox 642 2202 984 2274; x_wconf 70' lang='lat' dir='ltr'><strong>diriquntur,</strong></span> <span class='ocrx_word' id='word_1_164' title='bbox 1046 2205 1368 2261; x_wconf 85' lang='lat' dir='ltr'><strong>dirimuntur</strong></span> <span class='ocrx_word' id='word_1_165' title='bbox 1429 2218 1475 2262; x_wconf 93' lang='lat' dir='ltr'><strong>et</strong></span> <span class='ocrx_word' id='word_1_166' title='bbox 1535 2208 1867 2281; x_wconf 83' lang='lat' dir='ltr'><strong>deciduntur,</strong></span> 
     </span>
     <span class='ocr_line' id='line_1_24' title="bbox 145 2297 1866 2376; baseline 0.003 -26"><span class='ocrx_word' id='word_1_167' title='bbox 145 2306 192 2350; x_wconf 92' lang='lat' dir='ltr'><strong>et</strong></span> <span class='ocrx_word' id='word_1_168' title='bbox 232 2297 275 2351; x_wconf 83' lang='lat' dir='ltr'><strong>si</strong></span> <span class='ocrx_word' id='word_1_169' title='bbox 314 2297 441 2368; x_wconf 79' lang='lat' dir='ltr'><strong>quid</strong></span> <span class='ocrx_word' id='word_1_170' title='bbox 484 2297 799 2369; x_wconf 81' lang='lat' dir='ltr'><strong>difficultatis</strong></span> <span class='ocrx_word' id='word_1_171' title='bbox 849 2297 905 2351; x_wconf 84' lang='lat' dir='ltr'><strong>in</strong></span> <span class='ocrx_word' id='word_1_172' title='bbox 945 2301 1071 2353; x_wconf 88' lang='lat' dir='ltr'><strong>Jure</strong></span> <span class='ocrx_word' id='word_1_173' title='bbox 1112 2301 1470 2356; x_wconf 79' lang='lat' dir='ltr'><strong>Ecclesiastico</strong></span> <span class='ocrx_word' id='word_1_174' title='bbox 1522 2303 1866 2376; x_wconf 74' lang='lat' dir='ltr'><strong>particulari,</strong></span> 
     </span>
     <span class='ocr_line' id='line_1_25' title="bbox 146 2391 1866 2471; baseline 0.004 -26"><span class='ocrx_word' id='word_1_175' title='bbox 146 2402 237 2445; x_wconf 90' lang='lat' dir='ltr'><strong>aut</strong></span> <span class='ocrx_word' id='word_1_176' title='bbox 297 2391 755 2446; x_wconf 83' lang='lat' dir='ltr'><strong>consuetudinario</strong></span> <span class='ocrx_word' id='word_1_177' title='bbox 797 2404 1054 2461; x_wconf 80' lang='lat' dir='ltr'><strong>occurrat,</strong></span> <span class='ocrx_word' id='word_1_178' title='bbox 1116 2414 1183 2449; x_wconf 74' lang='lat' dir='ltr'><strong>ex</strong></span> <span class='ocrx_word' id='word_1_179' title='bbox 1240 2395 1331 2448; x_wconf 78' lang='lat' dir='ltr'><strong>illo</strong></span> <span class='ocrx_word' id='word_1_180' title='bbox 1391 2397 1866 2471; x_wconf 76' lang='lat' dir='ltr'><strong>interpretationem</strong></span> 
     </span>
     <span class='ocr_line' id='line_1_26' title="bbox 146 2485 1865 2564; baseline 0.006 -25"><span class='ocrx_word' id='word_1_181' title='bbox 146 2485 372 2558; x_wconf 84' lang='lat' dir='ltr'><strong>accipere</strong></span> <span class='ocrx_word' id='word_1_182' title='bbox 423 2486 585 2553; x_wconf 83' lang='lat' dir='ltr'><strong>debet,</strong></span> <span class='ocrx_word' id='word_1_183' title='bbox 631 2500 682 2542; x_wconf 91' lang='lat' dir='ltr'><strong>ut</strong></span> <span class='ocrx_word' id='word_1_184' title='bbox 739 2487 899 2560; x_wconf 89' lang='lat' dir='ltr'><strong>inquit</strong></span> <span class='ocrx_word' id='word_1_185' title='bbox 955 2487 1260 2564; x_wconf 88' lang='lat' dir='ltr'><strong>Van-Espen</strong></span> <span class='ocrx_word' id='word_1_186' title='bbox 1314 2492 1365 2546; x_wconf 92' lang='lat' dir='ltr'><strong>in</strong></span> <span class='ocrx_word' id='word_1_187' title='bbox 1418 2503 1562 2547; x_wconf 86' lang='lat' dir='ltr'><strong>tract.</strong></span> <span class='ocrx_word' id='word_1_188' title='bbox 1617 2493 1734 2548; x_wconf 89' lang='lat' dir='ltr'><strong>hist.</strong></span> <span class='ocrx_word' id='word_1_189' title='bbox 1783 2512 1865 2548; x_wconf 88' lang='lat' dir='ltr'><strong>ca-</strong></span> 
     </span>
     <span class='ocr_line' id='line_1_27' title="bbox 147 2578 1866 2660; baseline 0.005 -26"><span class='ocrx_word' id='word_1_190' title='bbox 147 2599 264 2636; x_wconf 89' lang='lat' dir='ltr'><strong>non.</strong></span> <span class='ocrx_word' id='word_1_191' title='bbox 327 2602 436 2656; x_wconf 85' lang='lat' dir='ltr'><strong>par.</strong></span> <span class='ocrx_word' id='word_1_192' title='bbox 504 2586 533 2635; x_wconf 90' lang='lat'>8</span> <span class='ocrx_word' id='word_1_193' title='bbox 589 2601 698 2656; x_wconf 87' lang='lat' dir='ltr'><strong>cap.</strong></span> <span class='ocrx_word' id='word_1_194' title='bbox 749 2587 778 2638; x_wconf 87' lang='lat'><strong>3</strong></span> <span class='ocrx_word' id='word_1_195' title='bbox 827 2578 870 2654; x_wconf 65' lang='lat'><strong>§-</strong></span> <span class='ocrx_word' id='word_1_196' title='bbox 921 2586 970 2640; x_wconf 93' lang='lat'><strong>1.</strong></span> <span class='ocrx_word' id='word_1_197' title='bbox 1017 2583 1152 2641; x_wconf 87' lang='lat' dir='ltr'><strong>Nam</strong></span> <span class='ocrx_word' id='word_1_198' title='bbox 1201 2585 1335 2659; x_wconf 88' lang='lat' dir='ltr'><strong>quod</strong></span> <span class='ocrx_word' id='word_1_199' title='bbox 1381 2587 1444 2641; x_wconf 89' lang='lat' dir='ltr'><strong>ad</strong></span> <span class='ocrx_word' id='word_1_200' title='bbox 1492 2587 1733 2660; x_wconf 88' lang='lat' dir='ltr'><strong>speciales</strong></span> <span class='ocrx_word' id='word_1_201' title='bbox 1793 2588 1866 2644; x_wconf 94' lang='lat' dir='ltr'><strong>lo—</strong></span> 
     </span>
     <span class='ocr_line' id='line_1_28' title="bbox 142 2677 1865 2753; baseline 0.006 -25"><span class='ocrx_word' id='word_1_202' title='bbox 142 2694 312 2730; x_wconf 91' lang='lat' dir='ltr'><strong>corum</strong></span> <span class='ocrx_word' id='word_1_203' title='bbox 393 2677 780 2733; x_wconf 87' lang='lat' dir='ltr'><strong>consuetudines</strong></span> <span class='ocrx_word' id='word_1_204' title='bbox 844 2690 890 2732; x_wconf 93' lang='lat' dir='ltr'><strong>et</strong></span> <span class='ocrx_word' id='word_1_205' title='bbox 948 2690 1128 2734; x_wconf 84' lang='lat' dir='ltr'><strong>statuta</strong></span> <span class='ocrx_word' id='word_1_206' title='bbox 1188 2682 1445 2753; x_wconf 73' lang='lat' dir='ltr'><strong>pertinet,</strong></span> <span class='ocrx_word' id='word_1_207' title='bbox 1506 2683 1714 2737; x_wconf 86' lang='lat' dir='ltr'><strong>celebris</strong></span> <span class='ocrx_word' id='word_1_208' title='bbox 1792 2697 1865 2740; x_wconf 86' lang='lat' dir='ltr'><strong>est</strong></span> 
     </span>
     <span class='ocr_line' id='line_1_29' title="bbox 145 2765 1846 2847; baseline 0.006 -26"><span class='ocrx_word' id='word_1_209' title='bbox 145 2765 446 2826; x_wconf 90' lang='lat' dir='ltr'><strong>Constitutio</strong></span> <span class='ocrx_word' id='word_1_210' title='bbox 490 2769 741 2827; x_wconf 86' lang='lat' dir='ltr'><strong>Bonifacii</strong></span> <span class='ocrx_word' id='word_1_211' title='bbox 783 2771 910 2827; x_wconf 92' lang='lat' dir='ltr'>VIII</span> <span class='ocrx_word' id='word_1_212' title='bbox 953 2774 1003 2827; x_wconf 90' lang='lat' dir='ltr'><strong>in</strong></span> <span class='ocrx_word' id='word_1_213' title='bbox 1046 2793 1156 2847; x_wconf 88' lang='lat' dir='ltr'><strong>cap.</strong></span> <span class='ocrx_word' id='word_1_214' title='bbox 1188 2774 1326 2828; x_wconf 86' lang='lat' dir='ltr'><strong>Licet</strong></span> <span class='ocrx_word' id='word_1_215' title='bbox 1370 2774 1430 2828; x_wconf 92' lang='lat' dir='ltr'><strong>de</strong></span> <span class='ocrx_word' id='word_1_216' title='bbox 1474 2772 1686 2833; x_wconf 88' lang='lat' dir='ltr'><strong>Constit.</strong></span> <span class='ocrx_word' id='word_1_217' title='bbox 1721 2779 1770 2831; x_wconf 91' lang='lat' dir='ltr'><strong>in</strong></span> <span class='ocrx_word' id='word_1_218' title='bbox 1816 2782 1846 2832; x_wconf 89' lang='lat'>6</span> 
     </span>
     <span class='ocr_line' id='line_1_30' title="bbox 137 2861 1851 2939; baseline 0.006 -24"><span class='ocrx_word' id='word_1_219' title='bbox 137 2861 226 2915; x_wconf 86' lang='lat' dir='ltr'><strong>ibi:</strong></span> <span class='ocrx_word' id='word_1_220' title='bbox 260 2862 398 2925; x_wconf 85' lang='lat' dir='ltr'><strong>Quia</strong></span> <span class='ocrx_word' id='word_1_221' title='bbox 440 2866 702 2920; x_wconf 81' lang='lat' dir='ltr'><strong>Romanus</strong></span> <span class='ocrx_word' id='word_1_222' title='bbox 735 2867 983 2938; x_wconf 70' lang='lat' dir='ltr'><strong>Pontifex</strong></span> <span class='ocrx_word' id='word_1_223' title='bbox 1024 2868 1251 2921; x_wconf 83' lang='lat' dir='ltr'><strong>locorum</strong></span> <span class='ocrx_word' id='word_1_224' title='bbox 1299 2868 1597 2939; x_wconf 77' lang='lat' dir='ltr'><strong>specialium</strong></span> <span class='ocrx_word' id='word_1_225' title='bbox 1646 2889 1851 2926; x_wconf 74' lang='lat' dir='ltr'><strong>consue-</strong></span> 
     </span>
    </p>
   </div>
  </div>
 </body>
</html>
