2114 3289
344 130 388 204 §-
420 151 594 190 xxxv.
627 152 688 188 DE
716 152 917 191 conon„
950 154 1200 191 GENERAL.
1233 152 1619 192 CELEBRA'monE
1695 142 1765 193 83

134 255 365 312 ritatibus
410 254 528 309 fidei
571 255 934 326 investigandis
979 267 1126 328 atque
1169 256 1468 312 definiendis
1522 259 1574 311 in
1627 277 1850 315 errorem

128 349 395 405 laberetur.
457 347 522 402 At
566 368 681 403 vero
725 361 992 423 postquam
1036 348 1320 407 Concilium
1375 351 1638 422 definivit,
1682 353 1850 408 nullus

126 442 393 498 dubitandi
435 442 573 498 locus
618 443 944 515 relinquitur,
988 446 1109 517 quin
1153 442 1438 500 Concilium
1482 448 1534 501 in
1577 448 1681 502 suis
1725 447 1848 503 defi-

128 537 403 592 nitionibus
464 535 781 607 diligentiam
825 548 887 591 ‘et
946 538 1194 601 sufficiens
1253 557 1464 594 examen
1537 540 1844 598 adhibuerit.

125 628 290 700 Nam,
335 642 386 685 ut
429 631 615 705 optime
659 630 862 686 disserit
904 630 1156 688 Melcliior
1200 630 1368 689 Canus
1408 632 1501 691 lib.
1547 633 1594 689 V
1637 635 1699 690 de
1749 635 1846 692 loc.

125 725 276 782 theol.
323 745 432 800 cap.
481 728 512 779 5
558 737 750 798 quaest.
798 731 828 780 3
854 769 869 794 ,
913 729 1052 779 Deus
1094 727 1321 781 suaviter
1364 729 1540 783 omnia
1583 729 1848 802 disponit,

125 819 376 890 simulque
409 819 662 892 prospicit
706 831 751 873 et
788 821 940 893 finem,
984 830 1028 873 et
1062 821 1233 875 media
1266 822 1336 877 ad
1356 822 1511 895 finem
1540 824 1843 881 necessaria.

131 914 280 979 Quod
322 914 365 967 si
407 914 557 967 semel
597 913 864 968 haereticis
900 915 1033 969 lianc
1074 915 1338 971 licentiam
1371 918 1750 989 pertnittimuS,
1789 929 1848 972 ut

125 1008 185 1062 in
214 1008 557 1079 quaestionem
583 1020 777 1075 vocent,
807 1028 931 1062 *nimi
960 1010 1213 1064 Ecclesiae
1248 1010 1455 1084 jndices
1485 1032 1598 1067 eam
1627 1013 1847 1085 diligen-

127 1102 256 1157 tiam
298 1113 342 1155 et
384 1121 565 1157 curant
607 1102 968 1170 adhibuerint,
1012 1122 1113 1175 qua
1156 1123 1280 1177 opus
1323 1116 1462 1173 erat,
1507 1117 1565 1160 ‘nt
1605 1107 1837 1178 quaestio

125 1197 212 1251 via
253 1207 300 1251 et
341 1197 542 1251 ration-e
578 1197 851 1271 finiretur,
895 1198 1062 1269 ecquis
1106 1198 1234 1252 acleo
1277 1218 1453 1253 caecas
1496 1211 1566 1253 est
1606 1202 1696 1272 qui
1738 1220 1841 1255 non

127 1291 335 1360 videat,
380 1293 554 1346 omnia
598 1310 722 1344 mox
764 1292 1076 1365 Pontificum
1121 1293 1570 1365 Conciliorainque
1624 1294 1843 1369 judicia

123 1384 424 1457 labefactari
443 1382 472 1440 ,9

887 1557 932 1634 §.
986 1567 1076 1618 36.

269 1695 343 1742 DE
381 1697 780 1744 CONCILIORUM
815 1698 1195 1745 GENERALIUM
1230 1700 1707 1747 CONFIRMATIONE

199 1858 453 1931 Eugenius
511 1858 585 1915 IV
643 1863 693 1916 in
755 1861 952 1917 decreto
1013 1881 1162 1936 super
1223 1864 1404 1918 unione
1455 1861 1839 1920 Jacobitarum:

123 1954 368 2026 Suscipit)
413 1956 500 2025 ait,
544 1966 721 2010 sancta
764 1957 1006 2009 Romana
1047 1956 1276 2011 Ecclesia
1320 1976 1491 2011 omnes
1532 1957 1842 2012 universales

119 2049 352 2120 Synoclos
395 2049 699 2104 auctoritate
731 2051 958 2105 Romani
1007 2050 1264 2124 Pontifices
1307 2050 1526 2123 legitime
1562 2071 1836 2125 congrega-

119 2153 217 2212 tas,
247 2161 306 2196 ac
348 2144 644 2210 celebrataS,
691 2155 738 2198 et
779 2145 1123 2217 confirmatas,
1167 2143 1285 2201 Non
1329 2146 1459 2201 dixit
1503 2159 1836 2219 congregatas

119 2256 175 2291 ac
218 2237 513 2307 celeb1·ataS‚
542 2237 628 2292 sed
672 2240 822 2293 etiam
866 2258 1237 2310 coNFIRMATAs‚
1285 2253 1334 2295 nt
1378 2241 1657 2297 ostenderet
1702 2239 1835 2297 Con-

118 2332 234 2387 cilia
278 2333 566 2403 generalia,
628 2334 724 2389 nisi
769 2354 796 2388 a
841 2334 1073 2390 Romano
1135 2335 1382 2392 Pontifice
1443 2337 1835 2406 confirmentur,

116 2426 379 2497 illegitima
424 2447 549 2496 esse,
583 2428 710 2484 idest
756 2448 910 2484 vacua
953 2430 1172 2504 pondere
1214 2442 1259 2485 et
1302 2431 1614 2487 auctoritate.
1662 2430 1835 2503 Itaque

117 2520 181 2573 ad
226 2521 413 2590 robur,
457 2522 521 2576 ad
566 2521 890 2592 firmitatem,
933 2536 979 2578 et
1022 2525 1438 2599 complementum
1484 2524 1830 2580 Conciliornm

117 2633 312 2670 necesse
354 2627 470 2685 est,
516 2629 565 2670 ut
608 2619 707 2686 iis,
752 2637 878 2690 quae
906 2618 1127 2673 2definita
1172 2619 1468 2692 decretaque
1512 2640 1538 2672 a
1584 2617 1827 2674 Conciliis

118 2705 330 2778 fuerunt,
357 2708 591 2765 Pontifex
635 2731 723 2766 suo
767 2731 973 2767 assensu
1016 2713 1239 2783 accedat,
1276 2733 1430 2785 eaque
1477 2725 1582 2766 rata
1630 2714 1830 2783 habeat,

116 2820 301 2872 suaque
343 2807 635 2860 auctoritate
678 2806 955 2863 confirmet.

193 2892 347 2964 Cujus
390 2898 590 2968 quidem
633 2901 1027 2955 confirmationis
1074 2903 1339 2955 necessitas
1383 2921 1445 2954 ex
1491 2905 1595 2975 ipsa
1639 2902 1824 2958 Conci-
