2114 3289
373 139 484 190 1194
537 157 628 192 mn.
656 157 706 191 11.
736 156 780 190 e.
810 155 860 189 11.
894 154 952 188 oe
981 154 1138 190 ense.
1170 156 1395 199 nonumo.
1426 158 1532 192 sen.
1566 158 1624 191 ET
1651 157 1857 194 orricns

289 261 381 328 20,
407 256 607 311 nullum
646 257 1007 330 juramentum
1051 267 1118 311 est
1162 254 1401 330 Pontifici
1443 268 1784 314 reservatum:
1826 279 2004 314 -verum

280 350 342 406 de
384 353 463 407 his
506 350 703 422 legendi
747 362 860 404 sunt
901 348 1151 421 Theologi
1194 352 1245 405 in
1288 363 1500 407 tractatu
1543 353 1605 407 de
1651 351 1940 424 Reliqione.

363 443 445 501 2⁰
488 447 575 497 Em
617 443 848 515 legitima
883 444 1264 500 consuetudine.
1312 444 1508 502 Idcirco
1535 443 1775 521 Episcopi
1802 446 2003 520 dispen-

280 550 390 592 sant
431 540 481 592 in
523 538 750 608 jejuniis„
793 539 844 591 in
888 537 1129 593 festorum
1172 538 1512 609 observantia,
1555 552 1602 594 et
1644 560 1756 595 cum
1800 542 1883 609 iis,
1912 541 1999 613 qui

280 632 359 701 jus
403 632 604 705 petendi
648 632 871 686 debitum
916 632 1179 702 conjugale
1221 635 1325 703 jam
1377 635 1653 689 amiserint.
1707 632 1999 689 Generatim

281 744 397 780 vero
442 726 747 781 consuetudo
791 727 1011 795 legitime
1048 729 1356 801 praescripta
1381 727 1784 798 jurisdictionem
1811 727 2003 784 confert

281 836 391 891 cap.
440 825 470 874 9
517 819 578 873 cle
623 820 746 892 offla
785 820 910 893 jud.
956 820 1161 890 ordin.;
1206 833 1371 893 atque*
1397 821 1522 876 adeo
1567 820 1675 876 fieri
1719 834 1906 894 potest,
1951 833 2002 876 ut

282 911 522 989 Episcopi
583 916 867 987 aliquarum
929 913 1249 970 Dioecesium
1309 915 1557 988 quasdam
1602 914 1997 989 dispensationes

277 1027 427 1081 super
467 1010 575 1080 jure
618 1011 872 1063 communi
916 1009 1050 1063 licite
1093 1020 1138 1063 et
1184 1009 1348 1063 valide
1393 1010 1693 1079 largiantur„
1736 1020 1999 1082 propterea

279 1103 415 1175 quod
460 1105 684 1177 ipsorum
728 1101 1026 1159 Decessores
1069 1103 1244 1158 eadem
1288 1115 1529 1178 potestate
1579 1105 1657 1158 usi
1707 1115 1837 1158 sunt.
1899 1101 1998 1158 Sed

278 1209 477 1271 praeter
536 1210 724 1253 ceteras
776 1196 1125 1265 conditiones,
1176 1217 1301 1270 quas
1345 1216 1402 1252 ea
1446 1196 1751 1252 consuetudo
1794 1198 1999 1252 comites

280 1291 466 1346 habere
526 1291 708 1360 debet,
752 1292 880 1345 duae
923 1303 1036 1345 sunt
1077 1293 1412 1365 praecipuae,
1457 1309 1670 1363 quarum
1714 1293 1879 1365 prima
1929 1302 2001 1345 est

281 1397 333 1439 ut
376 1385 682 1441 consuetudo
726 1387 828 1453 sit,
873 1397 924 1439 nt
967 1387 1142 1455 ajunt,
1187 1385 1642 1453 immemorabiliS‚
1693 1397 1775 1439 aut
1824 1384 2000 1439 saltem

279 1490 476 1533 centum
538 1498 695 1535 annos
756 1480 861 1534 sine
914 1479 1015 1533 ulla
1069 1480 1439 1534 intermissione
1488 1479 1797 1553 perstiterit3
1841 1479 1996 1533 altera

276 1585 349 1628 est
391 1583 443 1627 ut
476 1591 573 1645 per
615 1592 729 1627 eam
773 1572 1133 1627 ecclesiasticae
1178 1571 1482 1644 disciplinae
1526 1589 1709 1626 nervus
1759 1590 1862 1625 non
1921 1572 2001 1626 di-

273 1679 566 1739 rumpatur.
622 1665 809 1722 Confer
858 1666 1046 1721 Bened.
1094 1665 1220 1721 XIV
1263 1667 1324 1722 de
1367 1666 1560 1737 Synod.
1607 1665 1780 1723 Dioec.
1827 1667 1916 1722 lib.
1965 1670 1996 1720 9

278 1779 389 1836 cap.
439 1765 489 1817 2.

358 1854 441 1912 3.O
486 1857 574 1910 Ea:
608 1866 943 1929 praesumpta
986 1866 1030 1910 et
1073 1856 1466 1928 interpretativa.
1510 1856 1774 1928 Pontificis
1800 1855 1999 1926 deleqa-

276 1949 431 2006 tione.
495 1949 626 2005 Hinc
688 1950 967 2025 Episcopus
1018 1951 1245 2005 relaxare
1288 1962 1446 2025 potest
1491 1950 1741 2003 occultum
1784 1949 1996 2023 impedi-

276 2056 535 2113 mentum,
578 2057 781 2119 propter
824 2044 959 2118 quod
1004 2046 1383 2100 matrimonium
1427 2044 1624 2117 publice
1685 2055 1993 2100 contractum

274 2157 372 2194 non
418 2140 688 2209 consistit3
732 2141 833 2195 imo
877 2158 976 2195 non
1020 2138 1198 2194 desunt
1242 2141 1412 2208 magni
1457 2140 1675 2193 nominis
1729 2149 1992 2206 auctores„

275 2235 361 2306 qui
404 2231 655 2306 Episcopo
698 2233 985 2288 facultatem
1030 2246 1257 2288 asserunt
1301 2233 1559 2288 auferendi
1594 2232 1842 2288 occultum
1868 2232 1993 2288 diri-

275 2346 413 2381 mens
456 2325 890 2399 impedimentum,
917 2327 1052 2399 quod
1098 2328 1420 2382 matrimonio
1465 2325 1807 2381 contrahendo
1838 2326 1989 2396 obsit,

274 2423 317 2476 si
361 2420 484 2475 tales
531 2432 738 2490 urgeant
783 2422 1186 2475 circumstantiae
1231 2440 1418 2490 rerum,
1458 2432 1510 2474 ut
1553 2439 1708 2492 neque
1753 2418 1987 2474 Summus

274 2513 512 2570 Pontifex
573 2513 794 2583 consuli,
837 2533 925 2568 nec
977 2515 1355 2569 matrimonium
1399 2517 1505 2570 sine
1548 2513 1786 2569 scandalo
1829 2524 1875 2566 et
1918 2514 1992 2566 in-

272 2607 427 2664 famia
487 2607 680 2662 differri
741 2608 916 2681 possit.
981 2606 1037 2661 In
1087 2627 1145 2662 eo
1189 2607 1438 2679 siquidem
1482 2626 1648 2663 rerum
1691 2617 1901 2673 eventu,
1949 2607 1990 2659 si

273 2702 337 2756 ad
382 2713 452 2756 tot
494 2701 627 2755 mala
670 2700 1013 2775 praecavenda
1057 2720 1156 2756 non
1200 2701 1328 2755 alius
1365 2712 1594 2774 suppetat
1620 2698 1818 2767 modus,
1847 2718 1990 2772 prae-

272 2797 403 2850 sumi
432 2794 577 2849 debet
613 2793 877 2850 Summum
919 2793 1218 2850 Pontificem
1262 2813 1324 2849 ex
1368 2796 1509 2850 suavi
1552 2806 1598 2847 et
1640 2793 1850 2867 provida
1896 2791 1991 2846 Ec-

272 2888 451 2944 clesiae
503 2889 862 2961 gubernatione
905 2887 1231 2963 dispensandi
1275 2887 1563 2945 facultatem
1607 2886 1858 2961 Episcopo
1903 2886 1988 2940 de-

270 2983 454 3047 legare.
