2114 3289
325 122 396 172 14
638 137 728 172 Llss.
760 136 791 169 1.
824 134 937 169 cAe.
969 133 1000 168 1.
1034 132 1094 166 DE
1122 132 1276 168 STATU
1308 131 1577 168 EchEstAe

241 241 497 297 Ecclesiae
558 256 788 313 suprema
849 253 963 289 cum
1022 246 1264 309 potestate
1332 236 1649 305 conjunctam
1719 234 1803 295 ab.
1851 235 1960 308 ipso

242 334 448 392 Christo
492 334 700 406 accepit.

320 430 431 485 Hoc
492 428 676 498 dogma
736 424 797 479 de
848 423 1082 479 Primam
1135 423 1378 478 divinitus
1423 425 1689 478 constituto
1734 442 1796 477 ex
1839 441 1962 477 uua-

241 526 366 580 nimi
426 522 726 578 Sanctorum
789 516 1001 573 Patrum
1052 535 1299 573 consensu
1341 528 1389 571 et
1430 529 1665 590 perpetua
1709 516 1966 572 Ecclesiae

242 619 471 674 doctriua
531 614 876 670 confirmatur.
941 609 1070 667 Cum
1130 613 1282 666 nimis
1343 610 1549 682 longum
1610 624 1738 667 esset
1792 629 1963 667 omnes

241 711 542 767 Sanctorum
602 707 814 763 Patrum
875 707 1145 762 sententias
1197 708 1248 760 in
1303 704 1526 760 medium
1570 705 1832 778 proferre,
1875 724 1964 761 nos

243 806 438 878 aliquas
481 802 830 859 tantummodo
873 800 1250 857 adnotabimus,
1288 798 1437 873 Apud
1473 798 1749 871 Origenem
1776 801 1828 854 in
1855 819 1964 874 cap.

245 904 276 953 6
321 919 400 973 ep.
445 897 509 953 ad
572 895 833 953 Romanos
895 896 1113 966 legitur:
1175 895 1333 948 Petro
1393 897 1609 949 Summa
1667 910 1845 948 rerum
1905 893 1967 948 de

233 993 507 1068 pascendis
548 992 724 1047 ovibus
763 990 986 1057 tradita,
1030 1000 1076 1044 et
1119 1006 1270 1062 super
1312 989 1503 1061 ipsum)
1547 987 1706 1043 veluti
1739 998 1969 1060 petram)

240 1089 463 1162 lundata
516 1086 763 1143 Ecclesia.
823 1082 973 1160 Apud
1017 1083 1073 1140 S.
1119 1081 1370 1155 Cyrillum
1415 1083 1665 1138 catechesi
1710 1081 1759 1136 ΙΙ
1803 1094 1850 1138 et
1891 1081 1969 1137 XI

243 1186 456 1256 legitur:
503 1186 690 1237 Petrus
734 1180 1093 1252 Apostolorum
1135 1182 1378 1235 Sinnmus
1421 1188 1468 1232 et
1510 1177 1777 1250 Princeps,
1821 1175 1970 1251 Apud

245 1278 299 1335 S.
345 1278 568 1351 Ephrem
612 1276 799 1347 Syrum
851 1293 1002 1330 serm.
1056 1274 1119 1328 de
1178 1284 1462 1347 compunct.
1525 1270 1704 1327 Petrus
1767 1283 1973 1327 vocatur

244 1376 494 1447 Princeps
554 1392 612 1428 ac
671 1383 851 1426 certem
911 1370 1289 1443 Apostolorum.
1352 1367 1501 1443 Apud
1557 1368 1613 1424 S.
1669 1366 1973 1439 Gregorium

245 1468 536 1540 Nyssenum
579 1486 730 1523 serm.
780 1470 813 1519 Ε.)
856 1465 918 1520 (16
961 1464 1016 1521 S.
1062 1463 1320 1538 Stephano
1364 1461 1544 1518 Petrus
1599 1462 1787 1517 dicitur
1838 1464 1973 1534 Apo-

250 1564 416 1618 stolici
475 1562 618 1616 chori
671 1561 921 1632 Princeps
963 1570 1009 1613 et
1052 1558 1382 1630 CoripltaeuS.
1428 1556 1483 1614 S.
1527 1554 1838 1628 Augustinus
1879 1556 1971 1612 lib.

244 1658 294 1713 ΙΙ
338 1658 399 1713 (16
443 1658 707 1731 Baptismo
752 1667 874 1711 tom.
921 1653 997 1708 IX
1041 1653 1137 1710 col.
1187 1658 1255 1707 97
1304 1652 1424 1708 edit.
1469 1650 1688 1706 Venetae
1723 1650 1784 1705 de
1820 1649 1973 1706 Petro

242 1753 404 1808 dicit:
452 1757 518 1806 In
561 1769 660 1822 quo
705 1750 972 1804 Primatus
1016 1747 1375 1820 Apostolorum
1418 1756 1524 1799 tam-
1562 1744 1833 1799 eaccellenti
1858 1762 2013 1816 yram

162 1916 165 1918 Ὗ
244 1849 321 1902 tia
356 1845 698 1920 praeeminet.
745 1843 800 1900 S.
847 1842 1147 1898 Ambrosius
1192 1841 1282 1898 lib.
1327 1838 1377 1895 X
1419 1841 1470 1894 in
1514 1837 1705 1894 Lucam
1733 1838 1795 1893 de
1821 1837 2009 1902 Petro>

246 1942 474 1997 scribens
530 1941 633 1994 ait:
696 1938 822 2002 Quis
877 1937 1015 1991 enim
1056 1936 1213 1991 nescit
1255 1934 1407 1989 illum
1451 1932 1776 2006 Apostolatus
1819 1933 1977 1987 Prin-

246 2037 472 2108 cipatum
526 2033 732 2087 cuilibet
786 2031 1119 2104 Episcopatui
1156 2024 1608 2103 praeferendum?
1636 2027 1691 2084 S.
1722 2026 1974 2098 Chrysos-

252 2145 416 2187 tomus
470 2131 607 2185 hom.
652 2127 699 2182 V
757 2128 819 2182 de
862 2127 1013 2182 Petro
1067 2127 1266 2200 inquit:
1329 2125 1584 2179 Ecclesiae
1638 2123 1975 2195 Praefectura

242 2243 338 2298 per
380 2224 680 2279 universum
722 2223 976 2276 mundum
1020 2221 1269 2276 traditur.

310 2412 522 2472 Apostoli
560 2411 670 2470 ipsi,
708 2421 992 2469 quamquam
1029 2410 1245 2468 plurimis
1280 2409 1417 2454 donis
1449 2415 1494 2454 et
1530 2407 1715 2466 ingenti
1751 2412 1983 2465 potestate

242 2495 368 2541 aucti
419 2501 606 2548 esseut,
657 2497 900 2546 attamen,
947 2492 1012 2535 ait
1057 2494 1121 2537 De
1157 2491 1314 2536 Marca
1352 2490 1401 2535 in
1438 2489 1624 2534 dissert.
1662 2488 1719 2533 de
1755 2487 1984 2545 singulari

242 2576 447 2621 Primatu
485 2575 608 2620 Petri
645 2586 771 2620 num.
811 2575 866 2626 5,
904 2571 1197 2631 maiestatem
1233 2570 1336 2630 ejus
1373 2566 1593 2630 (Petri),
1630 2567 1704 2614 uti
1741 2566 1921 2627 Capitis
1956 2581 1985 2611 a

239 2655 422 2701 Christo
457 2654 722 2711 constituti,
760 2652 935 2699 duobus
969 2651 1218 2714 praecipue
1254 2649 1403 2696 modis
1438 2648 1584 2696 colere
1619 2647 1855 2694 debebant.

309 2736 501 2782 Primus
550 2734 712 2781 modus
747 2732 962 2781 colendae
996 2733 1049 2778 in
1087 2733 1224 2778 Petro
1263 2732 1507 2777 Primatus
1542 2728 1792 2789 diqnitatis
1827 2742 1988 2775 versa-

241 2816 379 2863 batur
413 2818 467 2863 in
504 2816 823 2863 communione
847 2830 950 2862 cum
985 2813 1143 2876 Capite
1179 2810 1442 2859 retinenda.
1483 2811 1611 2866 Quae
1647 2808 1987 2856 communionis

243 2899 492 2945 necessitas
514 2898 765 2959 dupliciter
802 2896 1001 2959 spectari
1038 2901 1249 2957 poteram·
1287 2894 1356 2940 vel
1392 2892 1551 2940 habita
1583 2891 1767 2939 ratione
1792 2888 1987 2952 Aposto-
