<?xml version="1.0" encoding="UTF-8"?>
<!DOCTYPE html PUBLIC "-//W3C//DTD XHTML 1.0 Transitional//EN"
    "http://www.w3.org/TR/xhtml1/DTD/xhtml1-transitional.dtd">
<html xmlns="http://www.w3.org/1999/xhtml" xml:lang="en" lang="en">
 <head>
  <title>
</title>
<meta http-equiv="Content-Type" content="text/html;charset=utf-8" />
  <meta name='ocr-system' content='tesseract 3.04.00' />
  <meta name='ocr-capabilities' content='ocr_page ocr_carea ocr_par ocr_line ocrx_word'/>
</head>
<body>
  <div class='ocr_page' id='page_1' title='image "./joanniscardinali00sogl_0351.png"; bbox 0 0 2114 3289; ppageno 0'>
   <div class='ocr_carea' id='block_1_1' title="bbox 591 121 1749 195">
    <p class='ocr_par' dir='ltr' id='par_1_1' title="bbox 591 121 1749 195">
     <span class='ocr_line' id='line_1_1' title="bbox 591 121 1749 195; baseline -0.001 -15"><span class='ocrx_word' id='word_1_1' title='bbox 591 121 634 195; x_wconf 71' lang='lat'><em>ยง.</em></span> <span class='ocrx_word' id='word_1_2' title='bbox 679 143 817 181; x_wconf 77' lang='lat' dir='ltr'><strong>XLVI.</strong></span> <span class='ocrx_word' id='word_1_3' title='bbox 867 145 927 180; x_wconf 82' lang='lat' dir='ltr'><em>DE</em></span> <span class='ocrx_word' id='word_1_4' title='bbox 972 145 1347 182; x_wconf 64' lang='lat' dir='ltr'>METROPOLITIS</span> <span class='ocrx_word' id='word_1_5' title='bbox 1643 128 1749 179; x_wconf 88' lang='grc'><em>177</em></span> 
     </span>
    </p>
   </div>
   <div class='ocr_carea' id='block_1_2' title="bbox 100 246 1838 3031">
    <p class='ocr_par' dir='ltr' id='par_1_2' title="bbox 100 246 1838 887">
     <span class='ocr_line' id='line_1_2' title="bbox 109 246 1832 321; baseline 0.001 -21"><span class='ocrx_word' id='word_1_6' title='bbox 109 266 228 301; x_wconf 70' lang='lat' dir='ltr'><em>vcro</em></span> <span class='ocrx_word' id='word_1_7' title='bbox 270 246 562 302; x_wconf 77' lang='lat' dir='ltr'><em>criminales</em></span> <span class='ocrx_word' id='word_1_8' title='bbox 604 265 784 302; x_wconf 76' lang='lat' dir='ltr'><em>cau-sae</em></span> <span class='ocrx_word' id='word_1_9' title='bbox 836 248 1207 321; x_wconf 81' lang='lat' dir='ltr'><em>Episcopornm</em></span> <span class='ocrx_word' id='word_1_10' title='bbox 1248 249 1306 303; x_wconf 90' lang='lat' dir='ltr'><em>in</em></span> <span class='ocrx_word' id='word_1_11' title='bbox 1362 246 1589 303; x_wconf 78' lang='lat' dir='ltr'><em>Concilio</em></span> <span class='ocrx_word' id='word_1_12' title='bbox 1633 259 1832 301; x_wconf 81' lang='lat' dir='ltr'><em>tanturn</em></span> 
     </span>
     <span class='ocr_line' id='line_1_3' title="bbox 100 340 1837 413; baseline 0.001 -20"><span class='ocrx_word' id='word_1_13' title='bbox 100 340 417 412; x_wconf 71' lang='lat' dir='ltr'><em>provinciali</em></span> <span class='ocrx_word' id='word_1_14' title='bbox 459 352 825 412; x_wconf 71' lang='lat' dir='ltr'><em>coynoscantur</em></span> <span class='ocrx_word' id='word_1_15' title='bbox 862 353 905 396; x_wconf 84' lang='lat' dir='ltr'><em>et</em></span> <span class='ocrx_word' id='word_1_16' title='bbox 933 342 1296 409; x_wconf 49' lang='lat' dir='ltr'><em>terminentur)</em></span> <span class='ocrx_word' id='word_1_17' title='bbox 1340 340 1417 396; x_wconf 79' lang='lat' dir='ltr'><em>vel</em></span> <span class='ocrx_word' id='word_1_18' title='bbox 1452 359 1484 395; x_wconf 91' lang='lat' dir='ltr'><em>a</em></span> <span class='ocrx_word' id='word_1_19' title='bbox 1526 341 1837 413; x_wconf 78' lang='lat' dir='ltr'><em>deputandis</em></span> 
     </span>
     <span class='ocr_line' id='line_1_4' title="bbox 101 434 1834 508; baseline 0.001 -19"><span class='ocrx_word' id='word_1_20' title='bbox 101 453 201 506; x_wconf 87' lang='lat' dir='ltr'><em>per</em></span> <span class='ocrx_word' id='word_1_21' title='bbox 245 434 530 489; x_wconf 77' lang='lat' dir='ltr'><em>Concilium</em></span> <span class='ocrx_word' id='word_1_22' title='bbox 573 436 915 508; x_wconf 76' lang='lat' dir='ltr'><em>provinciale.</em></span> <span class='ocrx_word' id='word_1_23' title='bbox 962 435 1099 503; x_wconf 86' lang='lat' dir='ltr'><em>Quia</em></span> <span class='ocrx_word' id='word_1_24' title='bbox 1145 457 1260 491; x_wconf 85' lang='lat' dir='ltr'><em>vero</em></span> <span class='ocrx_word' id='word_1_25' title='bbox 1304 437 1365 491; x_wconf 89' lang='lat' dir='ltr'><em>de</em></span> <span class='ocrx_word' id='word_1_26' title='bbox 1400 437 1566 491; x_wconf 83' lang='lat' dir='ltr'><em>causis</em></span> <span class='ocrx_word' id='word_1_27' title='bbox 1600 435 1834 490; x_wconf 87' lang='lat' dir='ltr'><em>civilibus</em></span> 
     </span>
     <span class='ocr_line' id='line_1_5' title="bbox 109 527 1834 603; baseline 0.001 -21"><span class='ocrx_word' id='word_1_28' title='bbox 109 527 475 603; x_wconf 87' lang='lat' dir='ltr'><em>Episcoporum</em></span> <span class='ocrx_word' id='word_1_29' title='bbox 519 530 646 584; x_wconf 89' lang='lat' dir='ltr'><em>nihil</em></span> <span class='ocrx_word' id='word_1_30' title='bbox 672 532 724 585; x_wconf 92' lang='lat' dir='ltr'><em>in</em></span> <span class='ocrx_word' id='word_1_31' title='bbox 750 531 925 586; x_wconf 89' lang='lat' dir='ltr'><em>eodem</em></span> <span class='ocrx_word' id='word_1_32' title='bbox 969 528 1198 585; x_wconf 83' lang='lat' dir='ltr'><em>Concilio</em></span> <span class='ocrx_word' id='word_1_33' title='bbox 1226 541 1465 585; x_wconf 84' lang='lat' dir='ltr'><em>statutum</em></span> <span class='ocrx_word' id='word_1_34' title='bbox 1492 529 1605 598; x_wconf 69' lang='lat' dir='ltr'><em>fuit9</em></span> <span class='ocrx_word' id='word_1_35' title='bbox 1642 528 1834 584; x_wconf 91' lang='lat' dir='ltr'><em>idcirco</em></span> 
     </span>
     <span class='ocr_line' id='line_1_6' title="bbox 108 621 1838 697; baseline 0.001 -21"><span class='ocrx_word' id='word_1_36' title='bbox 108 640 172 676; x_wconf 78' lang='lat' dir='ltr'><em>ex</em></span> <span class='ocrx_word' id='word_1_37' title='bbox 215 624 467 677; x_wconf 89' lang='lat' dir='ltr'><em>communi</em></span> <span class='ocrx_word' id='word_1_38' title='bbox 511 621 902 679; x_wconf 84' lang='lat' dir='ltr'><em>Canonistarum</em></span> <span class='ocrx_word' id='word_1_39' title='bbox 964 625 1207 679; x_wconf 82' lang='lat' dir='ltr'><em>sententia</em></span> <span class='ocrx_word' id='word_1_40' title='bbox 1267 635 1523 697; x_wconf 87' lang='lat' dir='ltr'><em>permanet</em></span> <span class='ocrx_word' id='word_1_41' title='bbox 1565 624 1644 693; x_wconf 86' lang='lat' dir='ltr'><em>jus</em></span> <span class='ocrx_word' id='word_1_42' title='bbox 1708 623 1838 677; x_wconf 89' lang='lat' dir='ltr'><em>anti-</em></span> 
     </span>
     <span class='ocr_line' id='line_1_7' title="bbox 109 717 1837 791; baseline 0.001 -20"><span class='ocrx_word' id='word_1_43' title='bbox 109 736 282 791; x_wconf 78' lang='lat' dir='ltr'><em>quum,</em></span> <span class='ocrx_word' id='word_1_44' title='bbox 309 738 407 791; x_wconf 93' lang='lat' dir='ltr'><em>quo</em></span> <span class='ocrx_word' id='word_1_45' title='bbox 451 721 697 774; x_wconf 85' lang='lat' dir='ltr'><em>sancitum</em></span> <span class='ocrx_word' id='word_1_46' title='bbox 723 731 815 789; x_wconf 77' lang='lat' dir='ltr'><em>est,</em></span> <span class='ocrx_word' id='word_1_47' title='bbox 846 731 898 774; x_wconf 92' lang='lat' dir='ltr'><em>ut</em></span> <span class='ocrx_word' id='word_1_48' title='bbox 940 720 1112 774; x_wconf 86' lang='lat' dir='ltr'><em>civiles</em></span> <span class='ocrx_word' id='word_1_49' title='bbox 1166 717 1612 790; x_wconf 74' lang='lat' dir='ltr'><em>suffraganeorum</em></span> <span class='ocrx_word' id='word_1_50' title='bbox 1656 736 1837 774; x_wconf 87' lang='lat' dir='ltr'><em>causae</em></span> 
     </span>
     <span class='ocr_line' id='line_1_8' title="bbox 110 811 917 887; baseline 0.002 -21"><span class='ocrx_word' id='word_1_51' title='bbox 110 811 244 885; x_wconf 88' lang='lat' dir='ltr'><em>apud</em></span> <span class='ocrx_word' id='word_1_52' title='bbox 288 811 641 887; x_wconf 82' lang='lat' dir='ltr'><em>Metropolitas</em></span> <span class='ocrx_word' id='word_1_53' title='bbox 685 825 917 884; x_wconf 82' lang='lat' dir='ltr'><em>agantur.</em></span> 
     </span>
    </p>

    <p class='ocr_par' dir='ltr' id='par_1_3' title="bbox 108 904 1838 1169">
     <span class='ocr_line' id='line_1_9' title="bbox 188 904 1835 981; baseline 0.001 -20"><span class='ocrx_word' id='word_1_54' title='bbox 188 904 526 980; x_wconf 86' lang='lat' dir='ltr'><em>Metropolitis</em></span> <span class='ocrx_word' id='word_1_55' title='bbox 569 908 819 978; x_wconf 83' lang='lat' dir='ltr'><em>integrum</em></span> <span class='ocrx_word' id='word_1_56' title='bbox 845 920 918 962; x_wconf 87' lang='lat' dir='ltr'><em>est</em></span> <span class='ocrx_word' id='word_1_57' title='bbox 951 908 1095 963; x_wconf 86' lang='lat' dir='ltr'><em>tertio</em></span> <span class='ocrx_word' id='word_1_58' title='bbox 1139 926 1337 981; x_wconf 87' lang='lat' dir='ltr'><em>quoque</em></span> <span class='ocrx_word' id='word_1_59' title='bbox 1380 925 1511 962; x_wconf 89' lang='lat' dir='ltr'><em>anno</em></span> <span class='ocrx_word' id='word_1_60' title='bbox 1555 905 1835 980; x_wconf 85' lang='lat' dir='ltr'><em>Episcopos</em></span> 
     </span>
     <span class='ocr_line' id='line_1_10' title="bbox 108 999 1838 1076; baseline 0.001 -22"><span class='ocrx_word' id='word_1_61' title='bbox 108 1002 399 1074; x_wconf 86' lang='lat' dir='ltr'><em>provinciae</em></span> <span class='ocrx_word' id='word_1_62' title='bbox 442 1001 507 1056; x_wconf 89' lang='lat' dir='ltr'><em>ad</em></span> <span class='ocrx_word' id='word_1_63' title='bbox 567 999 853 1057; x_wconf 84' lang='lat' dir='ltr'><em>Concilium</em></span> <span class='ocrx_word' id='word_1_64' title='bbox 913 1003 1223 1076; x_wconf 82' lang='lat' dir='ltr'><em>provinciale</em></span> <span class='ocrx_word' id='word_1_65' title='bbox 1285 1020 1581 1071; x_wconf 74' lang='lat' dir='ltr'><em>convocare,</em></span> <span class='ocrx_word' id='word_1_66' title='bbox 1642 1013 1689 1056; x_wconf 93' lang='lat' dir='ltr'><em>et</em></span> <span class='ocrx_word' id='word_1_67' title='bbox 1737 1020 1838 1056; x_wconf 89' lang='lat' dir='ltr'><em>non</em></span> 
     </span>
     <span class='ocr_line' id='line_1_11' title="bbox 110 1094 905 1169; baseline 0.003 -20"><span class='ocrx_word' id='word_1_68' title='bbox 110 1094 398 1150; x_wconf 80' lang='lat' dir='ltr'><em>obedientes</em></span> <span class='ocrx_word' id='word_1_69' title='bbox 442 1097 616 1169; x_wconf 87' lang='lat' dir='ltr'><em>poenis</em></span> <span class='ocrx_word' id='word_1_70' title='bbox 660 1115 905 1152; x_wconf 87' lang='lat' dir='ltr'><em>coercere.</em></span> 
     </span>
    </p>

    <p class='ocr_par' dir='ltr' id='par_1_4' title="bbox 111 1187 1837 1450">
     <span class='ocr_line' id='line_1_12' title="bbox 189 1187 1837 1263; baseline 0.001 -21"><span class='ocrx_word' id='word_1_71' title='bbox 189 1187 404 1245; x_wconf 90' lang='lat' dir='ltr'><em>Demum</em></span> <span class='ocrx_word' id='word_1_72' title='bbox 447 1187 801 1263; x_wconf 81' lang='lat' dir='ltr'><em>Metropolitae</em></span> <span class='ocrx_word' id='word_1_73' title='bbox 844 1209 1049 1246; x_wconf 89' lang='lat' dir='ltr'><em>suorum</em></span> <span class='ocrx_word' id='word_1_74' title='bbox 1092 1189 1539 1261; x_wconf 82' lang='lat' dir='ltr'><em>Suffraganeorum</em></span> <span class='ocrx_word' id='word_1_75' title='bbox 1583 1189 1837 1260; x_wconf 84' lang='lat' dir='ltr'><em>negligen-</em></span> 
     </span>
     <span class='ocr_line' id='line_1_13' title="bbox 111 1283 1837 1357; baseline 0.001 -21"><span class='ocrx_word' id='word_1_76' title='bbox 111 1283 234 1337; x_wconf 87' lang='lat' dir='ltr'><em>tiam</em></span> <span class='ocrx_word' id='word_1_77' title='bbox 279 1283 530 1357; x_wconf 73' lang='lat' dir='ltr'><em>supplent,</em></span> <span class='ocrx_word' id='word_1_78' title='bbox 556 1303 739 1357; x_wconf 89' lang='lat' dir='ltr'><em>eosque</em></span> <span class='ocrx_word' id='word_1_79' title='bbox 781 1296 886 1339; x_wconf 91' lang='lat' dir='ltr'><em>tum</em></span> <span class='ocrx_word' id='word_1_80' title='bbox 912 1284 977 1339; x_wconf 87' lang='lat' dir='ltr'><em>ad</em></span> <span class='ocrx_word' id='word_1_81' title='bbox 1005 1284 1307 1339; x_wconf 85' lang='lat' dir='ltr'><em>servandam</em></span> <span class='ocrx_word' id='word_1_82' title='bbox 1350 1284 1649 1340; x_wconf 83' lang='lat' dir='ltr'><em>residentiae</em></span> <span class='ocrx_word' id='word_1_83' title='bbox 1675 1284 1837 1354; x_wconf 84' lang='lat' dir='ltr'><em>legem</em></span> 
     </span>
     <span class='ocr_line' id='line_1_14' title="bbox 112 1377 1311 1450; baseline 0.003 -20"><span class='ocrx_word' id='word_1_84' title='bbox 112 1377 434 1450; x_wconf 80' lang='lat' dir='ltr'><em>compellunt,</em></span> <span class='ocrx_word' id='word_1_85' title='bbox 479 1389 586 1432; x_wconf 89' lang='lat' dir='ltr'><em>tnm</em></span> <span class='ocrx_word' id='word_1_86' title='bbox 629 1377 694 1433; x_wconf 91' lang='lat' dir='ltr'><em>ad</em></span> <span class='ocrx_word' id='word_1_87' title='bbox 738 1379 1010 1432; x_wconf 89' lang='lat' dir='ltr'><em>seminaria</em></span> <span class='ocrx_word' id='word_1_88' title='bbox 1054 1377 1311 1449; x_wconf 87' lang='lat' dir='ltr'><em>erigenda.</em></span> 
     </span>
    </p>

    <p class='ocr_par' dir='ltr' id='par_1_5' title="bbox 101 1469 1838 3031">
     <span class='ocr_line' id='line_1_15' title="bbox 192 1469 1832 1546; baseline 0.001 -20"><span class='ocrx_word' id='word_1_89' title='bbox 192 1469 294 1526; x_wconf 87' lang='lat' dir='ltr'><em>Sed</em></span> <span class='ocrx_word' id='word_1_90' title='bbox 352 1470 708 1546; x_wconf 78' lang='lat' dir='ltr'><em>Metropolitae</em></span> <span class='ocrx_word' id='word_1_91' title='bbox 757 1474 810 1527; x_wconf 90' lang='lat' dir='ltr'><em>in</em></span> <span class='ocrx_word' id='word_1_92' title='bbox 868 1471 1134 1528; x_wconf 88' lang='lat' dir='ltr'><em>Dioeceses</em></span> <span class='ocrx_word' id='word_1_93' title='bbox 1195 1470 1642 1543; x_wconf 81' lang='lat' dir='ltr'><em>Suffraganeorum</em></span> <span class='ocrx_word' id='word_1_94' title='bbox 1696 1471 1832 1527; x_wconf 89' lang='lat' dir='ltr'><em>nulla</em></span> 
     </span>
     <span class='ocr_line' id='line_1_16' title="bbox 108 1564 1838 1640; baseline 0.001 -22"><span class='ocrx_word' id='word_1_95' title='bbox 108 1564 459 1635; x_wconf 82' lang='lat' dir='ltr'><em>jurisdictione</em></span> <span class='ocrx_word' id='word_1_96' title='bbox 485 1565 693 1640; x_wconf 73' lang='lat' dir='ltr'><em>pollent,</em></span> <span class='ocrx_word' id='word_1_97' title='bbox 720 1568 818 1622; x_wconf 86' lang='lat' dir='ltr'><em>nisi</em></span> <span class='ocrx_word' id='word_1_98' title='bbox 844 1566 902 1620; x_wconf 92' lang='lat' dir='ltr'><em>in</em></span> <span class='ocrx_word' id='word_1_99' title='bbox 927 1566 1294 1639; x_wconf 74' lang='lat' dir='ltr'><em>appellatione,</em></span> <span class='ocrx_word' id='word_1_100' title='bbox 1321 1566 1379 1620; x_wconf 86' lang='lat' dir='ltr'><em>in</em></span> <span class='ocrx_word' id='word_1_101' title='bbox 1405 1584 1552 1621; x_wconf 88' lang='lat' dir='ltr'><em>sacra</em></span> <span class='ocrx_word' id='word_1_102' title='bbox 1586 1566 1838 1621; x_wconf 73' lang='lat' dir='ltr'><em>visitatio-</em></span> 
     </span>
     <span class='ocr_line' id='line_1_17' title="bbox 109 1656 1834 1732; baseline 0.002 -23"><span class='ocrx_word' id='word_1_103' title='bbox 109 1674 192 1726; x_wconf 76' lang='lat' dir='ltr'><em>ne,</em></span> <span class='ocrx_word' id='word_1_104' title='bbox 218 1668 264 1712; x_wconf 90' lang='lat' dir='ltr'><em>et</em></span> <span class='ocrx_word' id='word_1_105' title='bbox 288 1656 346 1711; x_wconf 89' lang='lat' dir='ltr'><em>in</em></span> <span class='ocrx_word' id='word_1_106' title='bbox 372 1656 712 1714; x_wconf 79' lang='lat' dir='ltr'><em>devolutione.</em></span> <span class='ocrx_word' id='word_1_107' title='bbox 742 1656 920 1714; x_wconf 85' lang='lat' dir='ltr'><em>Primo</em></span> <span class='ocrx_word' id='word_1_108' title='bbox 946 1660 1114 1732; x_wconf 86' lang='lat' dir='ltr'><em>itaque</em></span> <span class='ocrx_word' id='word_1_109' title='bbox 1141 1661 1192 1714; x_wconf 90' lang='lat' dir='ltr'><em>in</em></span> <span class='ocrx_word' id='word_1_110' title='bbox 1222 1658 1589 1731; x_wconf 73' lang='lat' dir='ltr'><em>appellatione3</em></span> <span class='ocrx_word' id='word_1_111' title='bbox 1618 1677 1834 1731; x_wconf 87' lang='lat' dir='ltr'><em>namque</em></span> 
     </span>
     <span class='ocr_line' id='line_1_18' title="bbox 113 1752 1836 1827; baseline 0.001 -21"><span class='ocrx_word' id='word_1_112' title='bbox 113 1753 194 1823; x_wconf 88' lang='lat' dir='ltr'><em>jus</em></span> <span class='ocrx_word' id='word_1_113' title='bbox 238 1752 412 1808; x_wconf 89' lang='lat' dir='ltr'><em>dicunt</em></span> <span class='ocrx_word' id='word_1_114' title='bbox 461 1754 590 1808; x_wconf 87' lang='lat' dir='ltr'><em>inter</em></span> <span class='ocrx_word' id='word_1_115' title='bbox 640 1772 745 1822; x_wconf 76' lang='lat' dir='ltr'><em>eos,</em></span> <span class='ocrx_word' id='word_1_116' title='bbox 789 1756 875 1827; x_wconf 90' lang='lat' dir='ltr'><em>qui</em></span> <span class='ocrx_word' id='word_1_117' title='bbox 919 1774 946 1808; x_wconf 87' lang='lat' dir='ltr'><em>a</em></span> <span class='ocrx_word' id='word_1_118' title='bbox 991 1756 1234 1809; x_wconf 87' lang='lat' dir='ltr'><em>sententia</em></span> <span class='ocrx_word' id='word_1_119' title='bbox 1280 1752 1727 1825; x_wconf 83' lang='lat' dir='ltr'><em>Suffraganeorum</em></span> <span class='ocrx_word' id='word_1_120' title='bbox 1771 1753 1836 1809; x_wconf 87' lang='lat' dir='ltr'><em>ad</em></span> 
     </span>
     <span class='ocr_line' id='line_1_19' title="bbox 111 1845 1834 1922; baseline 0.001 -21"><span class='ocrx_word' id='word_1_121' title='bbox 111 1865 218 1916; x_wconf 65' lang='grc'><strong>(305,</strong></span> <span class='ocrx_word' id='word_1_122' title='bbox 260 1859 554 1922; x_wconf 88' lang='lat' dir='ltr'><em>provocant.</em></span> <span class='ocrx_word' id='word_1_123' title='bbox 600 1845 831 1903; x_wconf 86' lang='lat' dir='ltr'><em>Secundo</em></span> <span class='ocrx_word' id='word_1_124' title='bbox 858 1850 910 1902; x_wconf 91' lang='lat' dir='ltr'><em>in</em></span> <span class='ocrx_word' id='word_1_125' title='bbox 943 1847 1234 1902; x_wconf 68' lang='lat' dir='ltr'><em>visitatione</em></span> <span class='ocrx_word' id='word_1_126' title='bbox 1254 1869 1278 1918; x_wconf 71' lang='lat'><em>,-</em></span> <span class='ocrx_word' id='word_1_127' title='bbox 1306 1848 1426 1903; x_wconf 92' lang='lat' dir='ltr'><em>olim</em></span> <span class='ocrx_word' id='word_1_128' title='bbox 1459 1847 1834 1922; x_wconf 74' lang='lat' dir='ltr'><em>Metropolitae,</em></span> 
     </span>
     <span class='ocr_line' id='line_1_20' title="bbox 109 1941 1838 2016; baseline 0.001 -21"><span class='ocrx_word' id='word_1_129' title='bbox 109 1953 375 2014; x_wconf 90' lang='lat' dir='ltr'><em>utcumque</em></span> <span class='ocrx_word' id='word_1_130' title='bbox 417 1943 487 1996; x_wconf 86' lang='lat' dir='ltr'><em>ita</em></span> <span class='ocrx_word' id='word_1_131' title='bbox 514 1960 590 1997; x_wconf 87' lang='lat' dir='ltr'><em>res</em></span> <span class='ocrx_word' id='word_1_132' title='bbox 617 1942 870 2016; x_wconf 84' lang='lat' dir='ltr'><em>postulare</em></span> <span class='ocrx_word' id='word_1_133' title='bbox 896 1941 994 1997; x_wconf 85' lang='lat' dir='ltr'><em>sibi</em></span> <span class='ocrx_word' id='word_1_134' title='bbox 1023 1942 1306 2012; x_wconf 79' lang='lat' dir='ltr'><em>videbatur,</em></span> <span class='ocrx_word' id='word_1_135' title='bbox 1333 1941 1598 1997; x_wconf 86' lang='lat' dir='ltr'><em>Dioeceses</em></span> <span class='ocrx_word' id='word_1_136' title='bbox 1644 1941 1838 1997; x_wconf 84' lang='lat' dir='ltr'><em>Suffra-</em></span> 
     </span>
     <span class='ocr_line' id='line_1_21' title="bbox 110 2032 1837 2110; baseline 0.001 -20"><span class='ocrx_word' id='word_1_137' title='bbox 110 2054 385 2106; x_wconf 86' lang='lat' dir='ltr'><em>ganeorum</em></span> <span class='ocrx_word' id='word_1_138' title='bbox 427 2035 642 2091; x_wconf 87' lang='lat' dir='ltr'><em>lustrare</em></span> <span class='ocrx_word' id='word_1_139' title='bbox 700 2047 930 2110; x_wconf 87' lang='lat' dir='ltr'><em>poterant</em></span> <span class='ocrx_word' id='word_1_140' title='bbox 975 2032 1123 2110; x_wconf 84' lang='lat' dir='ltr'><em>(cap.</em></span> <span class='ocrx_word' id='word_1_141' title='bbox 1172 2039 1196 2093; x_wconf 91' lang='lat'>1</span> <span class='ocrx_word' id='word_1_142' title='bbox 1248 2036 1309 2091; x_wconf 90' lang='lat' dir='ltr'><em>de</em></span> <span class='ocrx_word' id='word_1_143' title='bbox 1370 2056 1503 2092; x_wconf 77' lang='lat' dir='ltr'><em>cens,</em></span> <span class='ocrx_word' id='word_1_144' title='bbox 1548 2039 1601 2092; x_wconf 84' lang='lat' dir='ltr'><em>in</em></span> <span class='ocrx_word' id='word_1_145' title='bbox 1631 2036 1724 2105; x_wconf 85' lang='lat'><em>6).</em></span> <span class='ocrx_word' id='word_1_146' title='bbox 1769 2035 1837 2091; x_wconf 78' lang='lat' dir='ltr'><em>At</em></span> 
     </span>
     <span class='ocr_line' id='line_1_22' title="bbox 110 2127 1832 2204; baseline -0.001 -19"><span class='ocrx_word' id='word_1_147' title='bbox 110 2127 346 2199; x_wconf 86' lang='lat' dir='ltr'><em>Synodus</em></span> <span class='ocrx_word' id='word_1_148' title='bbox 388 2129 689 2186; x_wconf 88' lang='lat' dir='ltr'><em>Tridentina</em></span> <span class='ocrx_word' id='word_1_149' title='bbox 731 2131 848 2185; x_wconf 88' lang='lat' dir='ltr'><em>huic</em></span> <span class='ocrx_word' id='word_1_150' title='bbox 874 2132 947 2186; x_wconf 86' lang='lat' dir='ltr'><em>rei</em></span> <span class='ocrx_word' id='word_1_151' title='bbox 989 2131 1196 2186; x_wconf 88' lang='lat' dir='ltr'><em>modum</em></span> <span class='ocrx_word' id='word_1_152' title='bbox 1239 2131 1509 2204; x_wconf 85' lang='lat' dir='ltr'><em>quemdam</em></span> <span class='ocrx_word' id='word_1_153' title='bbox 1553 2132 1832 2199; x_wconf 81' lang='lat' dir='ltr'><em>coustituit,</em></span> 
     </span>
     <span class='ocr_line' id='line_1_23' title="bbox 110 2224 1829 2297; baseline 0 -20"><span class='ocrx_word' id='word_1_154' title='bbox 110 2234 162 2277; x_wconf 90' lang='lat' dir='ltr'><em>ut</em></span> <span class='ocrx_word' id='word_1_155' title='bbox 206 2224 446 2280; x_wconf 90' lang='lat' dir='ltr'><em>nimirum</em></span> <span class='ocrx_word' id='word_1_156' title='bbox 488 2243 521 2278; x_wconf 86' lang='lat' dir='ltr'><em>a</em></span> <span class='ocrx_word' id='word_1_157' title='bbox 563 2224 998 2296; x_wconf 72' lang='lat' dir='ltr'><em>MetropolitaniS,</em></span> <span class='ocrx_word' id='word_1_158' title='bbox 1045 2225 1199 2278; x_wconf 80' lang='lat' dir='ltr'><em>etiam</em></span> <span class='ocrx_word' id='word_1_159' title='bbox 1235 2237 1350 2297; x_wconf 82' lang='lat' dir='ltr'><em>post</em></span> <span class='ocrx_word' id='word_1_160' title='bbox 1386 2224 1536 2297; x_wconf 85' lang='lat' dir='ltr'><em>plene</em></span> <span class='ocrx_word' id='word_1_161' title='bbox 1570 2224 1829 2278; x_wconf 73' lang='lat' dir='ltr'><em>visitatam</em></span> 
     </span>
     <span class='ocr_line' id='line_1_24' title="bbox 101 2317 1837 2389; baseline 0.001 -19"><span class='ocrx_word' id='word_1_162' title='bbox 101 2317 377 2389; x_wconf 81' lang='lat' dir='ltr'><em>propriam</em></span> <span class='ocrx_word' id='word_1_163' title='bbox 437 2318 744 2385; x_wconf 73' lang='lat' dir='ltr'><em>Dioecesiin,</em></span> <span class='ocrx_word' id='word_1_164' title='bbox 796 2336 899 2371; x_wconf 87' lang='lat' dir='ltr'><em>non</em></span> <span class='ocrx_word' id='word_1_165' title='bbox 957 2319 1230 2373; x_wconf 72' lang='lat' dir='ltr'><em>visitentur</em></span> <span class='ocrx_word' id='word_1_166' title='bbox 1289 2318 1606 2373; x_wconf 81' lang='lat' dir='ltr'><em>cathedrales</em></span> <span class='ocrx_word' id='word_1_167' title='bbox 1665 2318 1837 2372; x_wconf 88' lang='lat' dir='ltr'><em>Eccle-</em></span> 
     </span>
     <span class='ocr_line' id='line_1_25' title="bbox 111 2411 1836 2486; baseline 0.001 -22"><span class='ocrx_word' id='word_1_168' title='bbox 111 2411 254 2479; x_wconf 79' lang='lat' dir='ltr'><em>siae,</em></span> <span class='ocrx_word' id='word_1_169' title='bbox 314 2429 474 2482; x_wconf 79' lang='lat' dir='ltr'><em>neque</em></span> <span class='ocrx_word' id='word_1_170' title='bbox 534 2413 796 2467; x_wconf 85' lang='lat' dir='ltr'><em>Dioeceses</em></span> <span class='ocrx_word' id='word_1_171' title='bbox 857 2430 1066 2466; x_wconf 79' lang='lat' dir='ltr'><em>suorum</em></span> <span class='ocrx_word' id='word_1_172' title='bbox 1127 2412 1680 2486; x_wconf 71' lang='lat' dir='ltr'><em>Comprocincialiam,</em></span> <span class='ocrx_word' id='word_1_173' title='bbox 1735 2411 1836 2465; x_wconf 82' lang='lat' dir='ltr'><em>nisi</em></span> 
     </span>
     <span class='ocr_line' id='line_1_26' title="bbox 112 2503 1831 2580; baseline 0.001 -21"><span class='ocrx_word' id='word_1_174' title='bbox 112 2523 264 2560; x_wconf 81' lang='lat' dir='ltr'><em>causa</em></span> <span class='ocrx_word' id='word_1_175' title='bbox 306 2506 509 2578; x_wconf 69' lang='lat' dir='ltr'><em>coqnita</em></span> <span class='ocrx_word' id='word_1_176' title='bbox 553 2518 598 2561; x_wconf 85' lang='lat' dir='ltr'><em>et</em></span> <span class='ocrx_word' id='word_1_177' title='bbox 649 2507 870 2579; x_wconf 82' lang='lat' dir='ltr'><em>probata</em></span> <span class='ocrx_word' id='word_1_178' title='bbox 927 2504 993 2560; x_wconf 40' lang='lat' dir='ltr'><em>in*</em></span> <span class='ocrx_word' id='word_1_179' title='bbox 1028 2508 1258 2562; x_wconf 82' lang='lat' dir='ltr'><em>Concilio</em></span> <span class='ocrx_word' id='word_1_180' title='bbox 1311 2505 1626 2580; x_wconf 74' lang='lat' dir='ltr'><em>provinciali</em></span> <span class='ocrx_word' id='word_1_181' title='bbox 1675 2503 1831 2575; x_wconf 78' lang='lat' dir='ltr'><em>(seSS.</em></span> 
     </span>
     <span class='ocr_line' id='line_1_27' title="bbox 118 2599 1831 2675; baseline 0.001 -24"><span class='ocrx_word' id='word_1_182' title='bbox 118 2601 191 2653; x_wconf 78' lang='lat'><em>24</em></span> <span class='ocrx_word' id='word_1_183' title='bbox 232 2620 340 2674; x_wconf 89' lang='lat' dir='ltr'><em>cap.</em></span> <span class='ocrx_word' id='word_1_184' title='bbox 388 2606 418 2656; x_wconf 90' lang='lat'>3</span> <span class='ocrx_word' id='word_1_185' title='bbox 466 2601 527 2656; x_wconf 90' lang='lat' dir='ltr'><em>de</em></span> <span class='ocrx_word' id='word_1_186' title='bbox 569 2600 837 2672; x_wconf 63' lang='lat' dir='ltr'><em>reform).</em></span> <span class='ocrx_word' id='word_1_187' title='bbox 882 2600 1058 2657; x_wconf 87' lang='lat' dir='ltr'><em>Tertio</em></span> <span class='ocrx_word' id='word_1_188' title='bbox 1108 2602 1322 2675; x_wconf 87' lang='lat' dir='ltr'><em>denique</em></span> <span class='ocrx_word' id='word_1_189' title='bbox 1375 2602 1432 2654; x_wconf 90' lang='lat' dir='ltr'><em>in</em></span> <span class='ocrx_word' id='word_1_190' title='bbox 1483 2599 1831 2669; x_wconf 71' lang='lat' dir='ltr'><em>devolutione,-</em></span> 
     </span>
     <span class='ocr_line' id='line_1_28' title="bbox 114 2692 1832 2769; baseline 0.001 -22"><span class='ocrx_word' id='word_1_191' title='bbox 114 2694 157 2748; x_wconf 87' lang='lat' dir='ltr'><em>si</em></span> <span class='ocrx_word' id='word_1_192' title='bbox 200 2696 332 2749; x_wconf 90' lang='lat' dir='ltr'><em>enim</em></span> <span class='ocrx_word' id='word_1_193' title='bbox 359 2692 649 2769; x_wconf 84' lang='lat' dir='ltr'><em>Capitulum</em></span> <span class='ocrx_word' id='word_1_194' title='bbox 675 2696 963 2751; x_wconf 87' lang='lat' dir='ltr'><em>cathedrale</em></span> <span class='ocrx_word' id='word_1_195' title='bbox 1006 2698 1138 2751; x_wconf 91' lang='lat' dir='ltr'><em>intra</em></span> <span class='ocrx_word' id='word_1_196' title='bbox 1182 2708 1292 2750; x_wconf 90' lang='lat' dir='ltr'><em>octo</em></span> <span class='ocrx_word' id='word_1_197' title='bbox 1337 2695 1444 2750; x_wconf 87' lang='lat' dir='ltr'><em>dies</em></span> <span class='ocrx_word' id='word_1_198' title='bbox 1488 2694 1552 2748; x_wconf 88' lang='lat' dir='ltr'><em>ab</em></span> <span class='ocrx_word' id='word_1_199' title='bbox 1591 2693 1832 2767; x_wconf 84' lang='lat' dir='ltr'><em>Episcopi</em></span> 
     </span>
     <span class='ocr_line' id='line_1_29' title="bbox 102 2786 1834 2863; baseline 0 -23"><span class='ocrx_word' id='word_1_200' title='bbox 102 2786 241 2841; x_wconf 86' lang='lat' dir='ltr'><em>obitu</em></span> <span class='ocrx_word' id='word_1_201' title='bbox 300 2786 562 2843; x_wconf 87' lang='lat' dir='ltr'><em>Vicarium</em></span> <span class='ocrx_word' id='word_1_202' title='bbox 622 2790 950 2863; x_wconf 89' lang='lat' dir='ltr'><em>capitularem</em></span> <span class='ocrx_word' id='word_1_203' title='bbox 1020 2789 1203 2860; x_wconf 83' lang='lat' dir='ltr'><em>eligere</em></span> <span class='ocrx_word' id='word_1_204' title='bbox 1264 2789 1558 2858; x_wconf 74' lang='lat' dir='ltr'><em>neglexerit,</em></span> <span class='ocrx_word' id='word_1_205' title='bbox 1621 2786 1834 2842; x_wconf 82' lang='lat' dir='ltr'><em>facultas</em></span> 
     </span>
     <span class='ocr_line' id='line_1_30' title="bbox 116 2880 1832 2957; baseline -0.001 -22"><span class='ocrx_word' id='word_1_206' title='bbox 116 2880 344 2936; x_wconf 88' lang='lat' dir='ltr'><em>eumdem</em></span> <span class='ocrx_word' id='word_1_207' title='bbox 402 2880 665 2939; x_wconf 83' lang='lat' dir='ltr'><em>Vicarium</em></span> <span class='ocrx_word' id='word_1_208' title='bbox 725 2883 1059 2939; x_wconf 86' lang='lat' dir='ltr'><em>constituendi</em></span> <span class='ocrx_word' id='word_1_209' title='bbox 1103 2883 1167 2938; x_wconf 90' lang='lat' dir='ltr'><em>ad</em></span> <span class='ocrx_word' id='word_1_210' title='bbox 1229 2881 1605 2957; x_wconf 85' lang='lat' dir='ltr'><em>Metropolitam</em></span> <span class='ocrx_word' id='word_1_211' title='bbox 1662 2880 1832 2936; x_wconf 91' lang='lat' dir='ltr'><em>devol-</em></span> 
     </span>
     <span class='ocr_line' id='line_1_31' title="bbox 117 2975 1384 3031; baseline -0.001 -3"><span class='ocrx_word' id='word_1_212' title='bbox 117 2975 265 3031; x_wconf 88' lang='lat' dir='ltr'><em>vitur.</em></span> <span class='ocrx_word' id='word_1_213' title='bbox 1314 2978 1384 3028; x_wconf 70' lang='lat'><em>12</em></span> 
     </span>
    </p>
   </div>
  </div>
 </body>
</html>
