2114 3289
334 92 407 142 22
629 108 742 144 GAP.
788 107 821 142 1.
869 107 928 141 DE
974 106 1094 140 June
1144 105 1260 142 CAN.
1307 104 1595 141 GENERA'HM

251 211 518 285 conjuin,
545 209 821 265 anathema
862 208 950 261 sit:
979 207 1021 261 si
1051 207 1164 278 quis
1207 207 1563 262 consobrinam
1587 223 1733 261 sua-m
1757 206 1978 285 duoeerit

249 307 308 360 in
349 305 617 379 conjuqi'O,
661 302 936 357 anathema
977 302 1058 357 sit.

329 399 555 473 Denique
613 409 793 471 quarta
853 395 1026 468 regula
1086 416 1169 452 eos
1230 413 1445 451 canones
1489 407 1697 470 spectat,
1756 397 1810 450 in
1863 395 1976 468 qui-

251 494 344 550 hus
388 494 585 549 etiamsi
630 503 809 563 agatur
851 491 913 545 dc
955 491 1103 546 rebus
1147 489 1286 559 fidei,
1330 489 1467 544 nulla
1510 500 1675 544 tamen
1708 491 1874 545 inusta
1903 500 1981 543 est

257 589 481 643 haeresis
527 598 663 656 nota,
690 605 777 640 nec
812 585 1098 654 anathema,
1127 603 1215 639 nec
1251 603 1411 658 poena
1438 583 1975 639 excommunicationis

254 684 520 739 constituta
564 680 805 736 adversus
849 699 954 748 eos,
1001 682 1086 752 qui
1131 679 1478 734 dissenserint.
1517 676 1692 750 Itaque
1727 678 1784 732 hi
1825 696 1975 732 cano-

258 796 344 832 nes
387 776 664 846 dogmatici
707 785 870 843 erunt„
914 775 957 829 si
1001 772 1188 828 talibus
1218 773 1384 829 verbis
1427 773 1675 847 propositi
1704 772 1823 840 sint,
1850 789 1979 844 quae

256 889 355 926 non
399 871 707 944 opinionem,
751 868 839 923 sed
882 880 1071 923 certum
1114 867 1529 941 exploratumque
1560 866 1808 937 judicium
1834 866 1979 920 exhi-

258 965 425 1019 beant.
469 963 609 1018 Licet
636 962 774 1016 enim
798 961 974 1034 opinio
1017 960 1288 1027 Durandi‚
1316 963 1387 1016 ait
1411 958 1663 1016 Melchior
1692 957 1861 1015 Canus
1890 960 1975 1015 cit.

255 1059 384 1124 100„
437 1044 736 1131 reprobetur
795 1047 920 1128 capy
967 1058 1362 1111 GAUDEJJIUS
1420 1056 1526 1109 DE
1570 1055 1981 1120 DJVoRTHs,

256 1153 343 1207 sed
386 1153 474 1224 qui
520 1152 685 1207 dixit:
736 1153 995 1208 VERUM
1038 1152 1388 1206 ABSONUJI
1433 1151 1577 1204 HOC
1631 1149 1979 1214 VIDETUR,

255 1249 352 1301 ET
383 1249 750 1304 INIMICUM
790 1247 1013 1300 FIDEI
1069 1240 1600 1300 CHRISTIANAE:
1651 1243 1819 1297 noluit
1861 1242 1983 1296 hae-

258 1357 421 1394 reseos
477 1338 592 1393 illos
640 1338 999 1393 condemnare.
1052 1337 1269 1394 Verbum
1312 1335 1450 1390 enim
1509 1336 1833 1392 VIDETUR
1885 1332 1979 1406 ju-

256 1436 516 1490 diciorum
556 1435 788 1508 infirmat
829 1434 1210 1490 certitudinem.
1239 1435 1542 1498 Praeterea,
1579 1443 1780 1487 auctore
1806 1430 1982 1486 eodem

258 1528 423 1598 Cano,
467 1530 669 1585 etiamsi
710 1529 862 1584 verba
904 1528 1114 1582 canonis
1156 1527 1386 1582 absoluta
1444 1526 1568 1593 sint³
1621 1525 1876 1598 planeque
1936 1534 1983 1579 et

264 1626 475 1680 omnino
501 1625 787 1697 quidquam
812 1624 1063 1697 affirment
1090 1623 1166 1678 vel
1192 1633 1395 1695 negyent³
1423 1621 1592 1676 adhuc
1628 1631 1799 1675 tamen
1823 1620 1985 1693 ipsius

256 1720 466 1775 canonis
507 1737 680 1792 scopus
739 1718 1126 1790 investigandus
1185 1728 1276 1784 est,
1320 1727 1376 1770 ut
1424 1727 1558 1771 certo
1609 1715 1982 1786 irztelliqarriuS,

257 1834 325 1869 an
369 1814 606 1868 doctrina
647 1813 857 1868 canonis
898 1812 1200 1885 simpliciter
1242 1822 1524 1879 asseratur,
1567 1829 1637 1865 an
1687 1810 1841 1865 etiam
1895 1827 1986 1864 ceu

253 1910 380 1983 fidei
441 1909 627 1981 doqma
678 1918 1022 1981 proponatur.
1086 1907 1243 1961 Nuda
1309 1906 1445 1961 enim
1520 1905 1673 1959 verba
1750 1904 1988 1958 corticem

259 2003 469 2057 canonis
509 2012 918 2075 repraesentari&
962 2019 1135 2075 scopus
1177 2012 1350 2055 autem
1392 2000 1530 2073 ipius
1565 2010 1808 2054 nat-uram
1833 2007 1984 2069 atque

257 2097 486 2152 indolem
529 2096 838 2169 manifestat.
885 2096 1058 2169 Iqitur
1118 2095 1410 2150 constitutio
1465 2094 1822 2159 ecclesiastica‚
1883 2092 1985 2146 sive

263 2210 427 2246 canon
470 2191 788 2262 doqmaticus
847 2191 967 2258 erit9
1028 2192 1070 2245 si
1132 2201 1324 2245 certum
1385 2188 1841 2261 expoloratumque
1898 2188 1984 2253 sit,

263 2287 388 2340 data
428 2304 583 2358 opera
625 2285 889 2339 conditum
930 2285 1110 2358 fuisse)
1152 2295 1209 2338 ut
1260 2283 1535 2356 amputatis
1594 2280 1987 2336 dissensionibus

263 2378 514 2434 catholica
554 2379 742 2433 veritas
786 2379 1075 2445 doceretur,
1101 2377 1178 2431 vel
1212 2387 1267 2431 ut
1309 2376 1536 2431 haereses
1578 2376 1781 2430 obortae
1813 2391 1988 2446 supre-

260 2492 343 2527 mo
379 2473 590 2546 judicio
632 2473 1025 2527 damnarentur.

343 2570 515 2622 Porro
555 2577 726 2622 autem
768 2585 895 2637 quae
939 2567 996 2620 in
1039 2565 1386 2621 Conciliorum
1428 2574 1519 2618 aut
1559 2563 1866 2636 Pontificum
1900 2561 1988 2616 de-

266 2662 414 2716 cretis
455 2661 534 2716 cel
576 2661 878 2734 empticandi
919 2660 1090 2731 qratia
1132 2660 1475 2726 inducuntur,
1518 2658 1597 2713 cel
1629 2669 1684 2712 ut
1709 2655 1986 2731 objectioni

265 2756 656 2826 respondeatur,
699 2754 777 2810 cel
819 2755 972 2809 etiam
1015 2754 1175 2809 obiter
1237 2765 1281 2808 et
1332 2754 1390 2807 in
1440 2763 1737 2807 transcursu
1779 2760 1987 2824 praeter

266 2847 556 2904 institutum
574 2850 937 2923 praecipuum,
964 2849 1025 2905 de
1052 2866 1151 2920 quo
1194 2858 1303 2904 erat
1339 2846 1663 2921 potissimum
1699 2856 1986 2902 controver-
