2114 3289
354 136 463 187 160
511 152 604 188 Llss.
636 152 685 187 11.
716 152 760 187 c.
785 150 815 185 1.
848 150 906 183 DE
936 150 983 184 n.
1010 148 1273 185 PONTIFIGE
1301 150 1470 192 EJUSQ.
1500 148 1837 187 ADJUTOROEUS

344 253 446 311 Sed
508 253 725 324 Legatos
779 271 808 305 a
869 250 1022 304 latere
1074 250 1126 304 in
1188 251 1359 306 multis
1417 253 1600 308 eminet
1660 251 1903 322 dignitate
1945 264 1991 306 et

268 351 580 406 auctoritate.
642 345 874 418 Aequum
934 345 1067 398 enim
1110 356 1202 414 est,
1246 356 1299 399 ut
1349 342 1637 402 Cardinalis
1699 344 1914 417 Legatus
1960 365 1989 401 a

265 444 419 498 latere
461 440 727 496 Pontificis
772 440 956 493 missus
985 439 1160 493 ceteris
1205 435 1410 508 Legatis
1439 440 1542 494 sive
1575 438 1781 495 Nuntiis
1826 439 1991 510 digni-

271 549 369 592 tate
397 547 441 589 et
465 536 575 605 jure
603 533 883 589 antecellat.
928 531 1185 603 Dignitate
1229 532 1433 605 quidem
1467 535 1666 603 eminet,
1701 535 1840 607 quia,
1883 535 1993 607 ipso

270 633 321 686 in
367 629 590 701 aliquam
634 628 949 701 provinciam
993 626 1312 695 adventante,
1366 627 1618 682 minorum
1669 626 1994 699 Legatorum,

270 726 312 778 si
356 723 547 777 ibidem
589 722 793 790 fuerint,
838 723 1109 777 auctoritas
1147 722 1259 776 silet
1304 716 1449 794 (cap.
1498 725 1528 774 8
1575 720 1636 775 de
1679 721 1763 778 off.
1808 720 1993 792 Leg.).

273 816 467 872 Deinde
527 816 848 891 Apostolicae
918 815 1180 886 dignitatis
1250 816 1534 886 insignibus
1606 816 1778 886 utitur,
1839 835 1996 889 eoque

271 923 549 986 praesente,
571 909 1020 984 Archiepiscopus,
1065 921 1111 964 et
1135 908 1438 966 Patriarcha
1473 922 1722 983 nequeunt
1746 910 1996 984 praeferre

275 1004 488 1062 Crucem
534 1002 680 1079 (cap.
730 1008 800 1060 23
848 1004 909 1059 de
952 1000 1242 1078 privileg.)

357 1098 627 1155 Praeterea
672 1096 890 1170 Legatus
935 1118 963 1154 a
1006 1099 1160 1154 latere
1203 1100 1385 1153 eminet
1428 1100 1743 1168 auctoritate,
1787 1099 1905 1172 quia
1939 1100 2000 1154 in

281 1195 543 1269 provincia
587 1192 880 1264 Legationis
925 1212 1042 1248 suae
1096 1212 1438 1267 quoscumque
1481 1212 1798 1268 percussores
1844 1191 2002 1248 Cleri-

279 1307 452 1344 corum
498 1288 736 1358 absolvit,
787 1288 979 1344 confert
1030 1299 1134 1342 tum
1185 1287 1438 1343 Beneficia
1480 1288 1668 1342 liberae
1719 1287 2002 1344 collationis

280 1402 394 1438 cum
441 1381 720 1439 Ordinario
765 1401 1086 1451 concurrens,
1130 1394 1176 1437 et
1219 1384 1348 1437 inter
1397 1383 1534 1456 ipsos
1578 1381 1726 1436 datur
1767 1400 2004 1456 praeven-

282 1479 406 1533 tioni
457 1477 617 1546 locus,
660 1489 764 1531 tum
815 1478 966 1531 etiam
1009 1475 1263 1532 Beneficia
1313 1489 1607 1551 patronatus
1657 1476 2003 1546 ecclesiastici,

287 1591 384 1627 non
429 1584 592 1626 tamen
636 1571 784 1641 laici3
826 1583 873 1626 et
899 1571 1013 1626 aliis
1057 1570 1350 1642 hujusmodi
1391 1572 1587 1641 juribus
1629 1573 1837 1644 potitur,
1878 1589 2004 1643 quae

282 1668 380 1722 late
422 1668 676 1741 explicant
718 1668 1010 1740 interpretes
1055 1666 1120 1721 ad
1165 1668 1240 1722 tit.
1285 1665 1345 1721 de
1390 1667 1475 1723 off.
1520 1665 1642 1737 Leg‚
1688 1668 1739 1721 in
1785 1670 1837 1722 6.

362 1760 498 1816 Haec
542 1773 705 1817 autem
749 1762 918 1816 omnia
945 1758 1152 1816 Nuntiis
1195 1759 1502 1835 Apostolicis
1537 1760 1863 1831 denegantur,
1898 1771 2008 1815 tan-

284 1869 487 1929 tumque
530 1858 600 1911 eis
627 1856 742 1910 licet
783 1857 834 1910 in
869 1874 958 1910 sua
1001 1856 1262 1929 provincia
1306 1855 1566 1911 absolvere
1609 1855 1708 1910 sibi
1751 1854 2007 1910 subditum

287 1951 351 2006 ab
393 1951 911 2006 excommunicatione
954 1949 1018 2005 ob
1045 1949 1315 2005 violentam
1359 1969 1563 2004 manum
1598 1950 1914 2020 injectionem
1956 1950 2009 2004 in

289 2042 559 2100 Clericum.
607 2042 784 2099 Cetera
829 2063 944 2100 vero
988 2046 1213 2118 ipsorum
1255 2044 1369 2114 jura
1411 2063 1474 2099 ex
1515 2042 1800 2099 Pontificiis
1844 2042 2008 2117 diplo-

287 2138 528 2206 matibus,
582 2138 764 2210 quibus
825 2139 1158 2207 instruuntur,
1219 2137 1561 2209 dignoscenda
1623 2138 1826 2193 omnino
1876 2148 2008 2194 sunt.

288 2231 428 2301 Quin
471 2234 572 2287 imo
618 2252 716 2288 non
759 2233 922 2288 solum
949 2233 1010 2287 de
1035 2230 1243 2289 Nuntiis
1287 2230 1615 2307 Apostolicis,
1644 2250 1816 2288 verum
1859 2233 2009 2286 etiam

290 2327 350 2382 de
394 2328 517 2401 ipsis
562 2323 765 2396 Legatis
809 2347 836 2381 a
863 2328 1015 2382 latere
1041 2339 1175 2382 certa
1220 2326 1392 2398 regula
1437 2329 1587 2382 statui
1642 2328 1832 2400 nequit,
1874 2324 2009 2398 quod

291 2422 355 2477 ad
401 2423 626 2495 ipsorum
668 2432 964 2494 potestatem
1008 2422 1201 2491 attinet,
1245 2440 1358 2476 cum
1395 2441 1423 2476 a
1451 2418 1716 2476 Cardinali
1757 2420 1831 2475 De
1873 2417 2011 2475 Luca

291 2517 523 2572 discursu
571 2521 641 2572 33
687 2515 750 2571 ad
795 2513 951 2572 Conc.
1011 2515 1160 2572 Trid.
1215 2517 1475 2572 verissime
1535 2516 1776 2573 traditum
1827 2516 1912 2585 sit,
1954 2514 2013 2569 id

292 2622 450 2665 totum
487 2611 715 2683 pendere
758 2629 790 2664 a
832 2620 1003 2664 tenore
1047 2610 1368 2682 facultatium.

353 2765 630 2822 Legatorum
683 2769 961 2822 potestatem
1010 2763 1103 2808 late
1143 2763 1349 2820 explicat
1396 2763 1612 2809 Giraldus
1655 2760 1874 2823 Eoeposit.
1913 2762 2019 2807 Jur.

289 2844 507 2907 Pontific.
543 2850 669 2904 part.
713 2848 733 2888 1
773 2843 848 2889 tit.
888 2844 951 2889 20
985 2849 1090 2889 sect.
1134 2843 1242 2898 170,
1280 2850 1326 2890 et
1347 2844 1518 2901 passim
1542 2844 1825 2902 Interpretcs
1860 2855 2022 2889 omnes

292 2926 373 2971 lib.
417 2926 436 2971 1
478 2926 798 2973 Decretalium
831 2925 889 2973 ad
923 2926 997 2972 tit.
1036 2925 1154 2973 XXX
1189 2922 1243 2973 de
1279 2922 1426 2987 officio
1461 2923 1638 2986 Leqati.
