2114 3289
381 118 426 195 S.
457 138 530 178 1x.
562 138 621 177 DE
652 138 861 175 Po'rEsT.
901 135 1100 176 EGCLES.
1128 137 1191 174 ur
1218 132 1374 174 AJUNT
1397 133 1637 174 mnnpnu.
1686 192 1692 198 μὴ
1714 121 1786 173 39

132 256 282 319 ptum
319 256 408 311 est,
437 262 565 315 quae
608 253 724 296 sunt
769 242 1002 297 Caesaris
1048 241 1278 309 Caesari,
1323 251 1367 295 et
1410 257 1539 312 quae
1600 251 1716 293 sunt
1759 241 1859 296 Dei

141 345 268 396 Deo.
316 342 490 409 Neque
533 337 697 408 iqitur
737 337 815 409 fas
859 347 927 390 est
978 337 1120 390 nobis
1162 336 1219 390 in
1261 335 1413 390 terris
1468 334 1747 408 imperium
1789 345 1859 389 te-

137 453 280 501 nere,
323 451 483 504 nequ-e
543 442 599 484 tu
658 431 1074 503 thymiamatum,
1136 441 1181 485 et
1241 447 1504 484 sacrorum
1557 439 1863 501 potestatem

139 527 287 581 habes
332 530 641 599 Imperator.

201 686 266 732 Ad
305 698 403 732 rem
440 692 649 731 nostram
700 686 905 732 Joannes
954 684 1313 743 Nepomncenus
1350 682 1529 729 Endres
1565 682 1615 729 in
1651 682 1880 728 disserta-

129 767 259 812 tione
295 767 523 813 canonica
549 800 584 822 ‚,
622 766 688 812 De
725 764 986 812 necessario
1020 761 1434 826 Jurisprudentiae
1482 760 1722 810 naturalis
1770 776 1874 810 cum

132 845 448 893 ecclesiastica
482 860 612 893 nexu
649 881 683 903 ‚,
721 859 824 906 cap.
876 846 939 892 111
990 842 1031 907 §-
1087 846 1108 891 1
1164 847 1253 891 ait:
1303 843 1560 891 Ecclesiam
1606 859 1636 890 a
1683 841 1869 891 Christo

128 926 401 974 institutam
433 942 527 975 esse
562 931 798 989 tamquam
829 925 1086 989 perfectam
1131 923 1379 989 quamdam
1425 924 1756 987 rempublicam
1790 940 1870 972 sa-

129 1022 257 1054 cram
292 1023 320 1054 a
354 1007 490 1056 civili
523 1006 826 1067 distinctam,
877 1009 976 1055 suis
1011 1008 1084 1055 uti
1121 1007 1314 1068 leqibus,
1340 1006 1410 1053 ita
1434 1013 1476 1053 et
1511 1005 1870 1068 Maqistrotibus

131 1103 306 1152 qaoque
341 1104 395 1136 ac
432 1088 652 1147 subditis,
682 1088 1022 1151 imperantibus
1051 1088 1279 1135 nimirum
1314 1094 1449 1150 atque
1478 1087 1757 1150 parentibus
1791 1087 1872 1134 in-

128 1177 384 1229 structam,
433 1185 548 1233 quae
594 1177 842 1233 propterea
890 1168 1173 1232 reipublicae
1221 1167 1468 1231 cujusdam
1525 1167 1780 1216 catholicae
1828 1174 1871 1216 et

128 1251 444 1310 universalis,
495 1250 573 1299 sed
607 1265 768 1298 sacrae
805 1251 999 1313 speciem
1027 1265 1145 1313 prae
1174 1265 1219 1298 se
1249 1249 1392 1311 ferat.
1430 1251 1557 1297 Licet
1606 1250 1730 1296 enim
1780 1249 1871 1296 Ec·-

129 1333 274 1381 clesia
323 1332 619 1380 territorium
665 1331 942 1379 distinctum
978 1347 1072 1378 non
1106 1330 1289 1387 habeat,
1328 1329 1405 1378 sed
1432 1331 1593 1393 potius
1629 1331 1682 1377 in
1715 1331 1873 1392 reqnis

132 1421 176 1462 et
212 1413 494 1472 territoriis,
544 1411 689 1460 salvis
735 1426 895 1474 requm
941 1418 985 1459 et
1029 1427 1315 1459 summorum
1370 1412 1736 1474 maqistratuum
1777 1413 1869 1475 ju-

135 1488 287 1554 ribus,
324 1493 567 1553 subsistat,
604 1500 784 1541 constat
833 1500 991 1541 tamen
1039 1507 1103 1541 ecc
1134 1493 1283 1558 Sacra
1329 1493 1602 1557 Scriptura,
1639 1501 1681 1542 et
1717 1494 1870 1542 conti-

128 1592 227 1623 nua
265 1574 538 1624 Traditione
554 1611 571 1634 ,
608 1574 755 1623 veluti
789 1575 898 1622 bino
926 1575 1088 1639 polari
1120 1574 1382 1636 Reliqionis
1416 1575 1646 1623 revelatae
1679 1574 1869 1635 indice,

130 1657 334 1705 eoeistere
377 1657 432 1704 in
466 1655 622 1704 eadem
657 1671 887 1704 summum
921 1655 1150 1719 quoddam
1185 1656 1437 1718 Imperium
1471 1656 1599 1704 circa
1633 1672 1720 1716 ea,
1756 1672 1871 1719 quae

125 1737 189 1785 ad
235 1738 520 1800 Reliqionem
567 1744 611 1786 et
654 1738 851 1786 salutem
885 1745 1125 1787 aeternam
1158 1737 1367 1802 fidelium
1398 1738 1670 1801 pertinent,
1703 1737 1872 1786 divina

127 1822 409 1870 auctoritate
438 1835 525 1884 per
557 1837 713 1869 omnes
747 1822 824 1868 sui
852 1829 1013 1883 partes
1028 1858 1046 1881 ,
1076 1827 1352 1883 potestatem
1386 1819 1601 1869 videlicet
1634 1821 1871 1883 leqislato-

127 1902 273 1962 riam,
301 1902 623 1965 judiciariam
657 1909 700 1950 et
736 1903 1057 1963 coercitivam,
1094 1903 1419 1962 constitutum,
1455 1909 1591 1966 atque
1624 1918 1653 1949 a
1687 1902 1869 1951 Christo

128 1985 541 2043 communicatum,
577 1999 607 2030 a
641 1984 771 2032 nullo
806 1985 904 2032 alio
939 1984 1214 2047 dependens,
1251 1983 1371 2048 quod
1397 1999 1485 2047 per
1517 1984 1677 2032 varios
1719 1985 1871 2046 ’παρί-

127 2071 306 2112 stratus
340 2065 432 2112 sibi
467 2065 668 2114 invicem
702 2065 990 2114 hierarchice
1026 2065 1355 2114 subordinatus
1391 2072 1655 2114 emercetur.

196 2147 311 2193 Vide
359 2149 457 2194 Jac.
504 2148 696 2194 Antonii
740 2149 981 2208 Zallinger
1022 2149 1237 2195 Institut.
1274 2148 1410 2195 Juris
1445 2146 1750 2195 ecclesiastici
1776 2162 1870 2210 pu-

129 2227 240 2274 blici
278 2234 320 2275 et
348 2228 533 2289 privati
567 2242 669 2288 cap.
708 2231 798 2286 XI,
836 2231 1226 2278 Dissertationem
1269 2232 1325 2278 de
1373 2232 1580 2277 Censura
1628 2229 1872 2292 Principii

129 2307 184 2356 de
218 2309 370 2356 variis
407 2309 750 2357 Potestantium
784 2309 1112 2372 hypothesibus
1146 2312 1199 2358 in
1234 2326 1283 2359 re
1320 2311 1445 2358 tanti
1480 2310 1720 2370 momenti,
1750 2323 1870 2370 qnae

129 2391 400 2438 dissertatio
436 2393 669 2451 reperitur
703 2393 753 2438 in
788 2393 1010 2440 thesauro
1044 2393 1170 2440 Juris
1208 2393 1521 2441 ecclesiastici
1555 2400 1669 2439 tom.
1706 2392 1787 2447 ΙΙΙ,
1825 2399 1872 2440 et

130 2471 345 2532 Gregorii
392 2473 622 2521 Zallwein
673 2472 926 2535 Principia
961 2473 1096 2521 Juris
1146 2472 1452 2522 ecclesiastici
1499 2481 1611 2520 tom.
1655 2474 1714 2519 IV
1747 2486 1794 2531 q.
1842 2472 1865 2518 1

133 2565 236 2612 cap.
273 2552 300 2598 3
339 2560 384 2601 et
419 2554 467 2598 4.

795 2636 1206 2697 CONCLUSIO

220 2793 419 2862 Quibus
481 2799 713 2855 omnibus
765 2802 981 2875 positiS,
1026 2804 1172 2858 unius
1218 2799 1498 2870 argumenti
1546 2797 1862 2854 conclusione

141 2898 242 2948 tota
283 2890 404 2948 haec
448 2912 598 2951 causa
640 2896 1097 2969 comprehendimur.
1145 2892 1417 2950 Conclusio
1465 2905 1627 2948 autem
1661 2894 1732 2950 sic
1768 2904 1856 2949 est..
