2114 3289
333 114 368 164 4
628 129 743 166 GAP.
786 127 821 165 1.
867 127 927 163 DE
969 127 1091 163 suni:
1134 127 1251 165 cAN.
1297 126 1582 164 GENERATIM

252 232 488 303 naturali,
524 244 608 288 aut
649 232 822 287 divino
863 242 1202 304 promanant,
1244 229 1470 287 Ecclesia
1515 251 1630 288 vero
1674 235 1967 299 auctoritate

251 346 343 385 sua
381 327 672 402 proponit,
732 325 809 382 vel
859 324 1094 400 explicat.
1156 324 1233 381 Ita
1277 323 1670 383 Constitutiones
1714 326 1775 382 de
1818 328 1968 384 rebus

253 423 373 479 fidei
432 434 479 477 et
537 438 771 490 morum,
832 439 1140 495 quamquam
1196 419 1564 476 ecclesiasticae
1614 423 1971 492 nominentur,

251 528 516 592 propterea
559 514 695 589 quod
737 514 802 571 ab
844 514 1182 571 ecclesiastica
1225 515 1519 570 auctoritate
1563 517 1882 588 propositae,
1923 527 1971 572 et

254 611 430 667 addita
471 611 623 665 etiam
666 628 825 683 poena
869 609 1090 664 sancitae
1132 606 1345 677 fuerint,
1389 608 1550 663 nihilo
1594 620 1758 664 tamen
1807 611 1969 666 secius

253 705 319 761 ad
357 705 439 776 jus
481 702 707 758 naturale
748 715 794 758 et
836 702 1065 758 divinum
1108 720 1280 757 earum
1333 703 1477 772 origo
1539 702 1798 758 referenda
1858 717 1968 774 est,

253 810 552 871 manentque
595 809 881 872 perpetuae,
925 808 972 853 et
1014 796 1253 866 stabiles,
1296 814 1394 868 qua
1438 795 1500 851 de
1542 815 1593 852 re
1634 795 1768 853 infra
1802 798 1972 854 dicen-

256 894 375 948 dum
417 893 529 948 erit.

1035 1060 1080 1137 ὃ.
1137 1070 1189 1124 3.

566 1203 638 1248 DE
677 1201 1016 1249 DISCRIMINE
1056 1202 1433 1249 THEOLOGIAM
1471 1202 1648 1250 INTER

821 1298 895 1343 ET
929 1296 1028 1344 JUS
1063 1297 1407 1344 CANONICUM

334 1460 477 1518 Fidei
519 1479 815 1535 morumque
855 1462 1090 1517 tractatio
1132 1473 1238 1516 tum
1282 1460 1346 1517 ad
1390 1460 1751 1532 dogmaticam,
1776 1473 1824 1517 et
1865 1480 1973 1518 mo-

255 1555 412 1611 ralem
455 1554 812 1626 Theologiam,
854 1566 959 1610 tum
1002 1555 1067 1610 ad
1110 1553 1199 1610 Jus
1244 1552 1557 1610 Canonicum
1598 1557 1829 1629 pertinet.
1873 1553 1972 1611 Ve-

255 1661 519 1705 runtamen
561 1669 640 1705 res
683 1649 828 1704 aliter
870 1669 898 1704 a
941 1647 1262 1720 Theologia,
1304 1648 1451 1705 aliter
1500 1648 1565 1704 ab
1614 1646 1971 1706 Ecclesiastico

256 1743 376 1800 Jure
436 1756 703 1819 spectatur.
765 1741 1000 1817 Namque
1059 1742 1342 1814 Theologia
1395 1742 1681 1815 dogmatica
1732 1742 1794 1799 de
1838 1743 1974 1814 fide,

191 1878 207 1888 Α»
257 1840 505 1913 rebusque
565 1838 754 1894 divinis
815 1839 1089 1893 universim
1141 1837 1381 1908 disserit,
1424 1849 1478 1893 ut
1519 1849 1704 1894 statuat
1745 1838 1972 1910 regulam

255 1933 530 2004 credendi,
573 1945 721 2006 atque
762 1933 879 1987 hinc
923 1932 1144 1987 studium
1188 1951 1333 1987 omne
1392 1944 1440 1988 et
1498 1951 1702 2007 operam
1762 1933 1977 1989 collocat

253 2028 308 2084 in
351 2026 743 2084 demonstrando
787 2026 910 2100 quid
953 2038 1126 2082 contra
1169 2026 1321 2082 fidem
1363 2038 1602 2107 pugnet,
1633 2038 1876 2100 quantum
1929 2037 1977 2083 et

257 2134 501 2195 quatenus
562 2122 733 2195 opinio
793 2121 999 2194 quaevis
1060 2138 1211 2176 sanae
1270 2133 1318 2176 et
1375 2120 1653 2177 catholicae
1714 2119 1976 2176 doctrinae

258 2227 539 2288 congruat,
600 2214 676 2270 vel
736 2214 1045 2271 adversetur.
1107 2212 1174 2269 At
1231 2213 1321 2271 Jus
1372 2212 1691 2271 Canonicum
1733 2234 1813 2271 res
1856 2214 1976 2270 fidei

258 2312 501 2386 respicit,
545 2323 597 2366 ut
638 2330 700 2366 ex
741 2311 812 2366 eis
857 2310 1039 2381 agendi
1082 2310 1307 2382 regulam
1351 2311 1590 2381 hauriat,
1633 2329 1745 2366 cum
1788 2310 1973 2365 multae

259 2408 362 2462 sint
420 2405 719 2479 disciplinae
766 2405 938 2477 legeS,
980 2425 1107 2478 quae
1149 2425 1177 2459 a
1222 2404 1338 2459 fidei
1381 2405 1567 2476 regulis
1610 2406 1679 2460 ita
1723 2403 1975 2478 pendent,

261 2513 314 2581 ut
356 2499 593 2555 credendi
637 2500 808 2570 regula
851 2501 1076 2572 regulam
1120 2499 1300 2571 agendi
1343 2500 1630 2556 constituat.
1688 2496 1771 2554 Ad
1812 2517 1977 2555 mores

263 2607 427 2651 autem
479 2595 615 2669 quod
658 2597 867 2664 attinet,
911 2594 1190 2667 Tlteoloqia
1231 2593 1480 2665 moralz‘S,
1524 2596 1595 2650 ait
1636 2592 1882 2651 Schwarz
1925 2594 1978 2649 in

261 2687 386 2746 Inst.
430 2687 540 2747 Jur.
585 2690 703 2764 pub.
749 2691 886 2746 univ.
929 2691 1075 2749 instr.
1122 2693 1147 2744 1
1196 2685 1241 2762 §.
1289 2695 1353 2761 3,
1396 2689 1583 2744 motivo
1624 2688 1854 2760 qenerali
1895 2688 1979 2743 bo-

263 2783 441 2838 nitatis
483 2794 631 2854 atque
675 2783 930 2851 maliciae,
970 2794 1201 2839 versatur
1242 2784 1382 2839 circa
1421 2785 1633 2839 virtutes
1675 2800 1875 2849 omneS,
1920 2800 1980 2837 ac

262 2877 389 2933 eiciet
413 2900 427 2932 .·
471 2889 654 2949 spectat
689 2878 949 2951 primario
972 2921 990 2949 ,
1029 2897 1089 2935 ac
1122 2879 1402 2953 praecipue
1453 2879 1626 2952 forum
1674 2879 1977 2944 internum,
