2114 3289
358 107 401 184 Ξ.
430 127 595 168 XXVII.
630 131 689 166 DE
715 131 836 164 June
866 132 1249 168 EPISCOPATUUH
1277 130 1635 166 EsstssENDontm
1699 117 1769 167 85

220 238 328 294 Hoc
373 238 483 293 loco
528 237 700 309 quaeri
746 237 889 306 solet,
923 239 964 292 si
1009 236 1288 311 Episcopus
1330 248 1473 291 extra
1517 256 1659 292 suam
1702 236 1854 292 Dioe-

139 334 292 387 cesim
319 332 595 404 quidquam
639 333 815 401 egerit,
843 332 895 385 id
940 333 1095 385 eritne
1138 343 1301 386 ratum
1344 343 1389 386 et
1431 327 1673 386 firmum?
1734 329 1849 384 Jam

142 445 256 480 vero
318 423 588 479 videndum
637 437 746 494 est,
789 437 955 480 utrum
997 426 1050 480 id
1095 425 1230 497 quod
1273 427 1408 500 egit,
1453 425 1516 480 ad
1560 436 1854 498 potestatem

137 517 369 587 ordiniS,
431 537 494 572 an
553 538 668 573 vero
729 518 793 573 ad
842 530 1137 592 potestatem
1180 518 1547 589 jurisdictionis
1592 519 1855 592 pertineat.

136 610 194 668 Si
237 611 297 666 de
340 624 582 687 potestate
626 613 820 667 ordinis
864 613 1090 685 quaestio
1134 624 1226 682 est,
1255 614 1298 668 si
1340 632 1419 669 ex.
1464 632 1540 683 gr.
1569 611 1853 668 Confirma-

137 707 357 775 tionem,
403 706 478 761 vel
522 705 903 763 Sacramentum
947 707 1140 763 ordinis
1194 708 1535 775 ministravit,
1581 705 1856 761 dummodo

136 803 400 856 materiam
453 813 500 856 et
547 801 764 857 formam
807 801 1131 870 adhibuerit,
1177 820 1328 873 quam
1371 820 1433 855 ex
1476 799 1669 856 Christi
1713 802 1858 855 insti-

136 895 325 949 tutione
368 894 594 950 Ecclesia
639 893 904 950 Catholica
948 914 1142 968 semper
1185 895 1453 963 adhibuit,
1499 895 1650 967 idque
1694 894 1857 948 facere

137 988 236 1043 sibi
280 991 616 1063 proposuerit,
655 989 789 1062 quod
834 988 954 1044 facit
997 989 1244 1058 Ecclesia,
1273 990 1479 1043 minime
1523 988 1857 1042 dubitandum

138 1093 248 1152 est,
290 1085 412 1156 quin
455 1082 838 1138 Sacramentum
899 1083 1202 1152 confecerit,
1264 1082 1377 1137 ideo
1437 1083 1573 1155 quod
1634 1093 1853 1155 potestas

136 1176 366 1246 ordinis,
428 1196 540 1232 cum
593 1196 681 1231 nec
731 1176 918 1231 auferri
963 1196 1184 1249 unquam
1245 1179 1442 1250 possit,
1503 1195 1591 1230 nec
1653 1176 1852 1243 amitti,

135 1271 206 1324 uti
249 1283 484 1345 perpetuo
528 1283 712 1339 manet,
757 1272 828 1325 sic
872 1283 1108 1343 perpetuo
1153 1272 1255 1325 vim
1297 1290 1460 1339 suam,
1488 1281 1534 1324 et
1575 1270 1851 1324 efficaciam

132 1365 344 1434 retinet,
388 1364 668 1438 Episcopus
712 1374 877 1418 tamen
920 1363 1093 1419 illicite
1136 1365 1257 1434 egit,
1285 1364 1558 1437 poenisque
1601 1362 1852 1419 obnoxius

132 1469 206 1513 est
265 1477 352 1533 per
411 1477 624 1512 canones
684 1459 1004 1527 constitutis,
1066 1470 1327 1532 propterea
1389 1457 1526 1531 quod
1570 1459 1622 1512 in
1667 1458 1856 1512 alienas

132 1571 248 1608 oves
292 1564 465 1607 contra
508 1549 763 1606 Ecclesiae
806 1550 939 1622 leges
984 1552 1204 1607 officium
1248 1549 1478 1607 Pastoris
1523 1551 1621 1606 sihi
1648 1570 1854 1622 arroga-

132 1646 220 1701 vit.
266 1645 416 1699 Nulli
459 1644 708 1717 Episcopo
753 1644 923 1714 liceat,
967 1644 1188 1700 decrevit
1231 1643 1428 1701 Concil.
1472 1644 1684 1700 Triden.
1731 1664 1852 1702 sess,

134 1744 186 1796 6.
215 1739 276 1793 de
303 1739 507 1795 reform.
553 1759 663 1813 cap.
711 1742 774 1809 53
817 1738 1044 1812 cujusvis
1080 1739 1351 1811 privileyii
1387 1748 1670 1810 praeteoetn
1712 1741 1854 1791 Pon-

132 1833 346 1907 tificalia
394 1833 451 1887 in
493 1833 706 1887 alterius
749 1833 983 1888 Dioecesi
1028 1852 1294 1900 eoeet'cere,
1341 1833 1442 1886 nisi
1485 1833 1547 1886 (le
1591 1832 1857 1887 ordinarii

128 1927 228 1981 loci
288 1945 530 2000 eoepressa
589 1927 837 1994 licentia,
893 1938 938 1982 et
979 1928 1036 1981 in
1071 1945 1317 2000 personas
1360 1927 1525 1981 eidem
1569 1927 1857 1981 Orclinario

128 2022 381 2096 subjectas
431 2033 630 2076 tantum
650 2043 674 2091 ,-
725 2022 769 2076 si
818 2039 954 2077 secus
995 2022 1186 2095 factum
1227 2022 1425 2093 fuerit,
1470 2021 1750 2093 Episcopus
1794 2021 1857 2076 ab

131 2117 381 2170 eoeercitio
432 2116 851 2190 Pontificalium,
902 2127 949 2171 et
991 2116 1060 2170 sic
1103 2116 1334 2170 ordinati
1377 2116 1438 2170 ab
1483 2115 1733 2170 exercitio
1776 2133 1858 2169 or-

130 2210 314 2264 dinum
356 2211 456 2264 sint
498 2211 606 2282 ipso
644 2210 769 2284 jure
813 2211 1057 2283 suspensi.

207 2303 363 2372 Quod
409 2324 523 2359 vero
569 2305 633 2358 ad
678 2316 971 2378 potestatem
1015 2305 1382 2375 jurisdictionis
1428 2306 1622 2373 attinet,
1650 2321 1846 2359 cumea

129 2397 347 2472 profluat
392 2398 466 2454 vel
509 2418 571 2454 ex
606 2398 813 2471 publico
851 2417 1083 2468 munere,
1112 2417 1327 2471 quocum
1373 2401 1638 2470 conjuncta
1684 2409 1775 2466 est,
1811 2409 1857 2452 et

125 2493 406 2548 ordinaria
449 2495 652 2563 (licitur,
698 2494 771 2548 vel
813 2514 875 2549 ex
918 2495 1120 2549 alterius
1166 2494 1501 2566 clelefjatt‘one,
1543 2512 1669 2565 quae
1717 2492 1854 2547 clele-

127 2599 245 2657 qam
290 2601 523 2658 vocatur,
568 2589 684 2642 hinc
730 2588 1051 2644 manifestum
1095 2601 1198 2658 est,
1245 2588 1553 2663 Episcopum
1597 2587 1733 2641 nulla
1776 2588 1854 2656 ju-

128 2681 420 2738 risdictione
463 2682 746 2757 praeditum
790 2685 840 2737 in
885 2702 968 2738 eos
1013 2702 1138 2752 esse,
1176 2684 1262 2756 qui
1306 2701 1462 2754 neque
1507 2682 1700 2736 ratione
1745 2699 1854 2734 mu-

128 2776 260 2829 neris
321 2774 675 2851 Episcopalis,
741 2796 898 2850 neque
950 2780 1142 2833 ratione
1196 2776 1524 2846 delegationis
1569 2776 1612 2828 ei
1657 2773 1849 2828 subditi

126 2879 276 2936 sunt,
321 2869 628 2942 proindeque
674 2872 715 2926 si
761 2870 883 2943 quid
927 2873 1117 2941 egerit,
1164 2870 1332 2926 omnia
1377 2868 1440 2923 al)
1484 2886 1540 2923 eo
1583 2879 1722 2937 gesta
1789 2887 1850 2922 ex

1340 2962 1409 3015 67⁸(-
