2114 3289
375 148 443 199 78
610 164 725 201 cAP.
771 164 821 200 11.
870 163 929 198 DE
974 162 1219 201 Fourmus
1261 164 1399 202 sums
1444 164 1689 202 umorum

282 268 598 324 conveniant:
643 266 834 321 nullum
877 266 1063 339 quippe
1105 263 1390 322 Concilium
1436 267 1676 323 hactenus
1703 267 2006 324 celebratum

282 374 374 431 est,
436 363 515 416 cui
575 361 794 415 universi
852 357 1093 433 Episcopi
1165 359 1499 417 interfuerint.
1580 360 1754 435 Itaque
1828 362 2009 417 sufficit

282 456 474 528 aliquot
515 474 577 509 ex
620 453 832 507 diversis
894 451 1149 508 Ecclesiae
1208 455 1485 527 provinciis
1552 454 1831 529 Episcopos
1892 474 2009 510 con-

284 551 469 618 venire,
514 549 580 602 ita
624 546 828 619 quidem
873 559 924 601 ut
966 566 1138 602 eorum
1183 559 1474 616 convenam,
1509 549 1744 621 inspectis
1780 549 2007 604 locorum

281 660 629 716 personarum,
672 653 717 695 et
761 653 1041 715 temporum
1103 641 1377 712 adjunctis,
1437 639 1723 697 Concilium
1776 643 2008 714 generale

283 738 384 792 dici
427 738 602 811 possit.

360 830 449 886 Jus
497 850 612 886 vero
655 831 939 901 generalem
996 830 1258 902 Synodum
1312 831 1570 886 indicendi
1615 832 1679 887 ad
1739 851 1851 887 eum
1896 845 2003 887 tan-

281 925 539 981 tummodo
582 928 813 999 pertinet,
859 926 1000 995 cujus
1042 937 1116 981 est
1156 925 1384 997 judicare
1435 925 1496 980 de
1556 927 1715 1000 ipsius
1761 945 2006 982 convoca-

281 1022 430 1074 tionis
474 1020 700 1090 legitima
743 1039 914 1090 causa;
958 1022 1143 1093 quique
1185 1021 1359 1090 jubere
1412 1033 1572 1095 potest
1624 1021 1902 1095 Episcopos
1955 1022 2006 1075 in

281 1116 332 1168 in
376 1133 528 1168 unum
572 1115 737 1169 locum
783 1117 949 1169 venire
992 1126 1037 1169 et
1097 1116 1383 1183 convenire,
1444 1117 1547 1170 imo
1599 1126 1646 1170 et
1694 1134 2005 1188 permanere,

286 1209 442 1264 donec
487 1221 654 1265 coetus
699 1209 921 1279 legitime
971 1209 1271 1264 dimittatur.
1333 1207 1449 1264 Jam
1512 1229 1626 1264 vero
1689 1209 1815 1263 illud
1872 1208 2007 1279 judi-

281 1305 413 1358 cium
457 1316 503 1358 et
545 1324 601 1358 ea
645 1315 863 1377 potestas
926 1305 1071 1358 unius
1133 1302 1353 1360 Romani
1415 1302 1678 1358 Pontificis
1740 1314 1832 1373 est,
1892 1321 2006 1358 cum

280 1401 387 1472 ipse
429 1418 554 1453 unus
598 1418 626 1453 a
671 1396 876 1453 Christo
919 1399 983 1451 sit
1025 1396 1269 1471 Princeps
1312 1409 1358 1452 et
1401 1395 1566 1471 Caput
1624 1399 1773 1453 totius
1833 1397 2005 1453 Eccle-

279 1497 383 1550 siae
425 1497 740 1564 constitutus‚
783 1506 829 1549 et
872 1494 1112 1568 Episcopi
1157 1513 1328 1550 omnes
1381 1496 1488 1566 ejus
1550 1494 1685 1549 dicto
1747 1495 2003 1549 audientes

280 1610 386 1645 esse
430 1590 660 1645 debeant.

360 1685 533 1758 Itaque
592 1687 643 1740 in
703 1683 919 1740 Concilii
982 1683 1413 1741 Chalcedonensis
1474 1697 1570 1742 act.
1648 1682 2000 1740 1-Lucentius

277 1779 559 1836 Asculanus
628 1778 908 1854 Episcopus
971 1778 1025 1835 S.
1089 1777 1273 1835 Leonis
1336 1778 1514 1851 Magni
1591 1778 1810 1851 Legatus
1876 1779 2003 1835 illud

277 1873 524 1931 Dioscoro
585 1873 932 1929 Alexandrino
995 1873 1327 1929 Patriarchae
1387 1875 1588 1929 crimini
1650 1876 1815 1944 vertit,
1868 1874 2005 1945 quod

278 1971 540 2040 Synodum
588 1986 744 2023 (mstis
787 1981 855 2022 esc
895 1969 1062 2041 fucere
1103 1969 1211 2023 sine.
1253 1969 1558 2023 auctoritate
1600 1969 1746 2024 Sedis
1782 1971 1995 2040 Aposto-

276 2065 429 2131 lt'cae2
472 2066 608 2134 quod
652 2083 917 2135 nunquam
959 2065 1127 2134 licuit,
1171 2076 1260 2119 (tut
1301 2065 1497 2137 factum
1523 2074 1608 2120 est.
1648 2063 1711 2118 Et
1746 2063 1801 2120 S.
1830 2063 1999 2119 Theo-

277 2159 431 2214 dorus
477 2158 677 2214 Studita
722 2159 786 2213 ad
833 2158 886 2215 S.
931 2158 1150 2216 Leonem
1214 2158 1282 2213 Ill
1342 2160 1411 2214 ita
1473 2159 1726 2214 scribebat
1785 2178 1863 2233 ep.
1927 2162 1998 2213 33

276 2253 365 2309 lib.
415 2256 466 2308 1:
511 2253 868 2308 Orlltodooeam
915 2256 1184 2325 Synodion
1226 2255 1409 2325 absque
1471 2254 1759 2324 coyititione
1826 2258 2004 2309 Vestra

276 2366 452 2419 coqere
492 2366 591 2400 non
633 2359 931 2419 potuerunt.

355 2441 518 2515 Atque
578 2443 672 2496 hoc
734 2441 937 2514 quidem
1014 2441 1237 2498 Romani
1314 2440 1578 2497 Pontificis
1647 2444 1728 2513 jus
1807 2460 2002 2514 semper

275 2537 511 2592 catholici
555 2555 726 2591 omnes
787 2548 1116 2605 agnoverunt,
1177 2535 1407 2608 factoque
1468 2537 1850 2610 comprobatum
1904 2546 1997 2604 est3

275 2649 491 2704 namque
534 2633 704 2686 omnia
746 2631 999 2702 generalia
1044 2628 1273 2685 Concilia
1318 2632 1611 2686 auctoritate
1671 2631 1829 2704 ipsius
1897 2629 2001 2685 Ro-

278 2729 413 2781 mani
474 2726 739 2783 pontificis
799 2738 1072 2782 convocata
1132 2726 1346 2783 fuerunt.
1408 2725 1565 2794 Quod
1625 2727 1670 2780 si
1730 2728 1999 2800 scriptores

277 2822 434 2894 aliqui
479 2823 749 2877 memoriae
793 2821 1107 2876 tradiderunt
1150 2821 1504 2892 antiquissima
1549 2817 1778 2875 Concilia
1813 2820 1996 2876 Orien-

276 2915 395 2969 talia
440 2915 503 2969 ab
547 2914 941 2988 Imperatoribus
983 2915 1170 2970 indicta
1214 2913 1388 2982 fuisse,
1432 2914 1483 2969 id
1551 2916 1756 2970 omnino
1810 2914 1994 2970 factum
