2114 3289
237 111 281 186 §.
313 134 448 170 xxx,
481 133 541 168 DE
569 131 691 167 June
720 129 878 166 muso.
908 131 1005 167 VEL
1030 130 1234 167 1Nv1Tos
1262 130 1585 166 DESTchENm
1649 114 1758 167 109

110 236 422 309 propriam,
482 244 526 288 et
577 232 759 299 itlius,
804 250 931 303 quae
969 234 1028 306 fit
1070 234 1129 287 ob
1172 233 1374 305 culpam
1407 232 1609 305 plebis,
1652 233 1730 287 vel
1772 253 1843 288 ear

116 349 269 384 causa
325 328 604 383 intrinseca
657 326 822 400 justa.
885 328 1119 383 Secunclo
1182 328 1317 381 enim
1372 345 1489 381 casu
1532 327 1675 382 debet
1719 328 1842 381 (lari

118 422 455 496 compensatio
498 422 751 492 aequaliS,
786 421 864 476 vel
907 422 1049 476 debet
1093 422 1347 492 assiquari
1391 440 1638 494 congyrua,
1672 421 1845 475 habito

117 531 344 593 respectu
384 519 454 573 ad
494 519 808 585 Ecclesiam,
852 536 1005 589 quam
1050 518 1296 585 (limittit,
1342 530 1386 572 et
1430 519 1500 572 ad
1542 519 1846 589 qualitatem

119 614 441 670 dimittentis
487 612 696 669 Grotius
742 615 867 687 ipse,
895 624 1161 686 postquam
1206 631 1438 687 supremo
1483 610 1713 687 Principi
1756 632 1847 686 po-

120 722 347 765 testatem
399 709 573 764 tribuit
618 709 846 764 subditos
891 708 956 763 ol)
998 708 1580 781 publicae*necessitatis
1624 720 1709 763 aut
1748 709 1846 763 uti-

118 805 273 860 litatis
317 824 493 860 causas
541 805 766 876 quaesito
809 803 939 872 jure,
972 802 1046 856 vel
1089 821 1292 857 munere
1328 802 1583 876 privandi,
1611 821 1846 876 compen-

119 900 402 968 sationem,
446 899 488 952 si
533 898 641 952 fieri
686 909 850 951 tamen
893 897 1081 970 possit,
1126 896 1347 951 dandam
1391 915 1498 951 esse
1541 898 1844 952 aestimavit.

117 992 193 1048 En
252 994 410 1066 ipsius
476 992 627 1047 verba
681 990 742 1045 de
793 991 904 1060 jure
947 990 1065 1044 belli
1109 1002 1154 1044 et
1198 992 1336 1064 pacis
1381 990 1471 1046 lib.
1519 988 1568 1043 ΙΙ
1613 1009 1722 1064 cap.
1772 992 1846 1044 14

120 1084 167 1160 §-
218 1093 284 1142 7:
330 1087 432 1142 Secl
474 1086 564 1140 ltoc
607 1103 802 1157 quoque
846 1085 1111 1138 sciendum
1156 1095 1262 1151 est,
1300 1102 1444 1157 posse
1495 1084 1710 1138 subditis
1754 1084 1848 1157 jus

118 1182 271 1236 etiam
333 1181 617 1251 quaesitum
668 1179 869 1252 auferri
904 1197 1002 1251 per
1046 1181 1237 1250 Reqem
1280 1179 1478 1251 duplici
1521 1179 1711 1244 moclo,
1757 1189 1848 1232 aut

116 1276 173 1329 in
211 1294 470 1348 poenam,
514 1285 603 1328 aut
647 1293 714 1328 esc
755 1273 806 1327 ci
850 1273 1274 1345 supereminentis
1328 1272 1570 1328 dominii.
1633 1273 1735 1327 Secl
1793 1283 1849 1325 ut

118 1370 175 1424 id
213 1370 305 1442 fiat
350 1388 416 1423 eac
456 1369 508 1423 ci
551 1366 972 1441 supereminentis
1024 1366 1287 1432 ‹lomim-ii,
1325 1366 1501 1438 primo
1560 1366 1851 1437 requiritur

116 1464 315 1518 utilitas
359 1463 610 1535 publica,
656 1461 842 1516 deiude
885 1471 981 1526 ut,
1026 1461 1069 1513 si
1106 1460 1225 1533 fieri
1260 1471 1464 1532 potest,
1508 1460 1850 1533 compensatio

108 1559 199 1631 fiat
245 1558 313 1625 ei,
358 1558 448 1629 qui
491 1575 639 1611 suum
682 1555 855 1610 amisit
899 1573 966 1610 esc
1009 1555 1286 1611 communi.

175 1746 349 1791 Harum
385 1745 746 1791 destitutionum
796 1742 1007 1800 exempla
1053 1754 1157 1788 cum
1195 1742 1333 1796 aliaS,
1372 1749 1469 1787 tum
1518 1749 1679 1788 nostra
1720 1754 1860 1800 prae-

112 1827 272 1872 sertim
312 1832 466 1872 aetate
504 1826 550 1870 in
597 1825 747 1871 Gallia
784 1824 1032 1869 habuimus
1077 1823 1224 1868 totius
1267 1823 1508 1869 Ecclesiae
1545 1823 1857 1868 consensione

112 1908 350 1952 roborata.

893 1995 939 2072 §-
987 2003 1078 2057 31.

528 2141 600 2186 DE
638 2141 778 2187 JURE
817 2140 997 2186 DANDI
1033 2139 1444 2186 COADJUTORES

203 2302 461 2358 Interdum
503 2303 776 2373 contingit,
826 2313 875 2356 ut
918 2301 1200 2376 Episcopus
1244 2313 1329 2357 aut
1373 2303 1541 2371 senio,
1586 2313 1670 2357 aut
1713 2301 1846 2356 mala

123 2398 406 2453 valetudine
468 2398 710 2467 affectus,
772 2416 870 2452 non
931 2398 1095 2453 solum
1155 2398 1221 2453 ad
1281 2397 1513 2453 obeunda
1567 2397 1848 2451 ministeria

121 2491 372 2561 Ordinis,
438 2511 608 2547 verum
670 2493 819 2546 etiam
882 2492 945 2546 ad
998 2494 1220 2563 regimen
1265 2505 1311 2547 et
1355 2492 1846 2547 administrationem

121 2587 393 2656 gerendam
454 2586 710 2642 Dioecesis
769 2589 1015 2661 impotens
1077 2587 1274 2643 evadat.
1338 2585 1666 2659 Impotentem
1731 2603 1846 2639 vero

121 2681 448 2758 Episcopum,
480 2684 578 2738 nisi
623 2695 796 2756 sponte
840 2682 1202 2758 Episcopatum
1247 2683 1488 2749 dimittat,
1518 2680 1592 2735 vel
1636 2681 1850 2734 invitum

124 2795 299 2845 cogere
327 2779 391 2832 ad
422 2779 563 2833 illum
598 2778 952 2833 dimittendum
996 2778 1327 2832 inhumanum
1371 2795 1576 2848 prorsus
1622 2774 1847 2842 videtur,

124 2889 240 2925 nam
299 2872 483 2942 afflicto
533 2891 635 2928 uon
680 2883 749 2927 est
791 2873 1036 2927 addenda
1078 2872 1323 2942 afflictio,
1367 2870 1454 2924 sed
1496 2869 1657 2941 ipsius
1698 2868 1848 2923 mise-
