2114 3289
453 86 500 162 ᾗ.
531 108 610 144 ιιι.
641 108 700 143 DE
727 108 849 143 JURE
875 106 1137 145 ,111111οΑ11111
1165 108 1225 142 ET
1256 106 1491 143 Punicum
1629 91 1731 143 191

112 225 159 268 et
202 213 487 269 criminales
532 212 597 267 ab
640 210 935 268 Ordinariis
986 210 1238 268 Locorum
1281 212 1333 267 in
1376 211 1539 285 prima
1592 213 1830 267 instantia

112 305 486 377 cognoscendas
548 316 696 378 atque
755 304 1070 361 definiendas
1129 324 1274 374 esse,
1334 304 1471 379 quod
1531 303 1836 360 Tridentina

111 398 347 469 Synodus
390 398 550 454 edixit
591 418 702 472 cap.
751 402 822 453 20
868 418 990 455 sess.
1041 402 1115 453 24
1158 399 1220 454 de
1263 398 1468 456 reform.

191 490 459 548 Praeterea
502 495 631 548 sicut
675 493 726 547 in
754 503 997 566 potestate
1038 492 1248 564 uiubendi
1289 493 1653 566 judicandique
1697 494 1836 567 peni-

112 597 190 640 tus
235 585 386 641 insita
414 598 487 641 est
514 598 732 660 potestas
775 586 1071 653 coercitiva,
1114 605 1213 659 qua
1256 588 1516 642 criminosi
1568 599 1615 642 et
1667 598 1839 642 contu-

112 698 277 735 maces
320 692 630 750 coercentur,
672 680 742 735 ita
785 680 850 736 ab
892 679 1139 755 Epscopis
1185 681 1327 751 virga
1379 680 1614 736 adhiberi
1657 692 1838 755 potest,

111 791 265 846 quam
307 774 564 829 minitatus
607 786 680 830 est
722 770 993 847 Apostolus
1036 794 1114 849 ep.
1160 772 1183 828 I
1238 775 1303 830 ad
1348 772 1581 831 Corinth.
1627 795 1738 849 cap.
1784 778 1837 830 4:

112 868 256 933 Quid
295 867 450 923 vultis
491 868 550 922 in
591 869 740 941 virqa
781 869 985 924 veniam
1011 871 1081 924 acl
1106 867 1222 925 vos?
1249 869 1389 938 Quin
1415 871 1516 926 imo
1544 872 1587 926 si
1614 871 1838 927 mitiores

112 983 301 1037 poenae
344 983 444 1020 non
485 966 700 1038 prosint,
743 977 1061 1021 contumaces
1106 986 1135 1021 3
1178 967 1528 1022 communione
1580 965 1837 1021 Ecclesiae

115 1058 346 1115 abscindi
404 1071 652 1133 poterunt.
712 1059 778 1114 At
836 1062 888 1115 in
946 1062 1120 1135 poenis
1182 1059 1471 1132 infligendis
1542 1081 1599 1116 ea
1661 1080 1838 1116 norma

115 1153 364 1209 servanda
405 1165 499 1223 est,
542 1173 693 1227 quam
737 1153 1004 1229 Episcopis
1047 1157 1309 1230 proposuit
1334 1155 1510 1210 eadem
1535 1154 1836 1211 Tridentina

116 1244 353 1317 Synodus
397 1267 520 1304 seSS.
570 1250 639 1303 13
687 1268 797 1323 cap.
846 1251 898 1307 1.
943 1249 1005 1304 de
1047 1248 1252 1305 reform.

883 1416 928 1494 g,
977 1426 1070 1479 53.

637 1556 711 1604 DE
746 1557 890 1604 JURE
928 1557 1318 1605 DISPENSANDI
1354 1560 1357 1563 ’

196 1717 430 1774 Incidunt
472 1739 619 1795 saepe
661 1721 823 1791 justae
865 1739 1066 1790 causae,
1108 1733 1312 1796 propter
1354 1741 1479 1795 quas
1524 1724 1709 1797 privati
1751 1724 1842 1780 ho-

116 1814 273 1869 mines
316 1813 487 1886 aliqua
530 1815 638 1885 lege
680 1814 962 1884 solvuntur,
1005 1814 1150 1886 quia,
1186 1827 1239 1870 ut
1280 1816 1458 1872 scribit
1500 1815 1839 1888 Symmachus

115 1905 257 1981 Papa
300 1907 351 1961 in
394 1908 607 1981 epistola
650 1907 715 1962 ad
758 1906 965 1964 Avitum
1007 1908 1365 1980 Viennensem,
1391 1912 1528 1981 quod
1555 1911 1613 1985 fit
1631 1924 1843 1984 praeter

114 2000 378 2072 regulam,
422 2001 572 2056 modo
613 2002 677 2056 sit
720 2022 790 2058 Ex
831 2022 982 2059 JUSTA
1026 2022 1218 2070 CAUSA,
1264 2022 1367 2058 non
1407 2004 1652 2078 infrinyit
1693 2024 1844 2078 requ-

113 2093 259 2163 lam,
318 2113 473 2167 quam
532 2096 641 2151 sola
691 2097 986 2169 pervicacia
1047 2109 1090 2152 et
1150 2098 1476 2170 antiquitatis
1534 2111 1844 2175 contemptus

112 2189 292 2246 laedit.
353 2192 488 2245 Nam
530 2194 761 2263 quamvis
803 2211 836 2247 a
877 2194 1122 2249 Patribus
1163 2205 1353 2249 statuta
1394 2195 1636 2268 diliyenti
1678 2197 1843 2251 obser-

113 2284 339 2351 vatione,
367 2294 413 2338 et
455 2285 741 2341 observanti
785 2287 1063 2359 diliqentia
1087 2299 1203 2343 sunt
1246 2289 1611 2358 custodienda,
1655 2290 1844 2346 nihilo-

113 2377 284 2432 minus
333 2390 548 2452 propter
606 2380 821 2453 aliquod
870 2382 1057 2436 bonum
1118 2383 1184 2438 de
1238 2383 1412 2456 riqore
1454 2385 1579 2456 leqis
1637 2384 1843 2457 aliquid

112 2470 389 2525 relascatur
406 2514 428 2539 ,
471 2473 610 2544 quod
652 2484 699 2528 et
740 2474 852 2547 ipsa
892 2475 982 2529 lex
1024 2475 1232 2531 cavisset
1273 2477 1318 2531 si
1360 2477 1744 2549 praevidisset,
1795 2487 1842 2532 et

111 2580 256 2637 saepe
316 2566 523 2621 crudele
583 2579 702 2622 esset
751 2568 984 2624 insistere
1025 2569 1167 2642 leqi,
1211 2589 1326 2625 cum
1367 2571 1686 2626 observantia
1728 2571 1842 2645 ejus

113 2674 210 2712 esse
246 2660 706 2734 praejudiciabilis
747 2663 1004 2720 Ecclesiae
1046 2665 1284 2736 videt-ur,-
1327 2665 1571 2736 quoniam
1613 2666 1745 2738 leqes
1780 2684 1841 2721 ea

111 2750 392 2809 intentione
434 2754 569 2810 latae
611 2768 728 2812 sunt
768 2768 824 2811 ut
858 2759 1160 2832 proficiant,
1204 2777 1307 2812 non·
1348 2770 1404 2813 ut
1445 2770 1677 2817 noceant.

196 2843 367 2920 Itaque
428 2847 666 2925 Episcopi
731 2853 781 2908 in
834 2853 1068 2911 omnibus
1111 2853 1306 2925 legibus
1350 2856 1456 2911 sive
1500 2854 1565 2914 ab
1608 2874 1689 2926 se,
1733 2856 1838 2913 sive
