2114 3289
608 119 652 196 S.
699 142 839 180 Lxlx.
887 142 946 179 DE
988 142 1138 180 BONIS
1183 141 1460 186 AGQmfflTis
1704 126 1812 177 265

173 250 419 316 obtinent,
462 248 578 302 ideo
621 247 768 301 rebus
810 247 1064 302 Ecclesiae
1109 246 1341 302 Concilio
1382 246 1485 300 suis
1528 245 1743 301 dec-retis
1784 263 1899 300 con-

172 345 335 398 sulere
376 361 479 397 non
520 342 773 398 destitere.
820 341 1105 397 Concilium
1139 345 1480 395 Lateranense
1514 343 1620 395 III
1657 340 1897 406 indulsit,

172 439 311 510 quod
350 437 438 491 ubi
480 436 733 490 laicorum
776 453 890 508 opes
932 436 1154 507 impares
1182 445 1337 488 essent
1356 453 1455 506 pro
1483 434 1708 506 publicis
1733 450 1899 488 neces-

170 531 400 585 sitatibus
441 529 756 596 amovendiS,
799 530 880 596 id,
919 529 1280 603 judicantibus
1323 528 1587 600 Episcopis
1640 538 1684 583 et
1729 527 1898 593 ClerO,

171 627 307 699 quod
348 645 539 681 necesse
584 636 702 681 esset
746 645 813 680 eos
858 626 1189 699 proventibus
1248 625 1503 679 Ecclesiae
1563 624 1896 680 tribueretur.

173 720 460 777 Concilium
502 725 841 776 Lateranense
885 724 970 777 IV
1009 719 1163 774 etiam
1211 721 1382 792 Papae
1428 736 1722 774 consensum
1748 736 1903 790 eccpe-

170 818 414 872 ctanclum
456 816 696 887 sancivit,-
742 827 786 871 et
829 815 1114 872 Concilium
1177 815 1554 871 Constantiense
1613 833 1719 869 uno
1776 813 1902 885 Epi-

172 912 328 984 scopi,
351 911 509 978 Cleri,
537 929 594 965 ac
629 911 892 984 Pontificis
920 927 1213 965 consensum
1239 910 1310 965 ad
1335 909 1540 981 aliquid
1570 909 1902 980 Principibus

171 1005 233 1059 de
275 1006 422 1060 rebus
464 1004 719 1060 Ecclesiae
773 1005 1104 1059 tribuendum
1164 1004 1325 1058 voluit
1357 1004 1688 1060 intervenire.
1722 1001 1900 1077 Neque

176 1119 291 1156 vero
335 1113 427 1170 est,
471 1120 558 1156 cur
599 1101 867 1174 imperium
910 1099 1057 1155 civile
1085 1101 1251 1173 pigeat
1277 1099 1572 1170 hujusmodi
1600 1116 1896 1153 consensum

174 1194 447 1268 postulare3
478 1214 577 1250 non
607 1195 787 1248 etenim
832 1192 1087 1249 Ecclesiae
1131 1193 1262 1248 hona
1294 1195 1342 1248 vi
1369 1204 1414 1247 et
1444 1193 1680 1248 hostilem
1710 1193 1762 1247 in
1793 1210 1901 1247 mo-

175 1287 295 1343 dum
322 1288 606 1344 invadenda
634 1300 766 1358 sunt9
788 1288 875 1343 sed
902 1307 1026 1362 opus
1052 1299 1125 1342 est
1153 1306 1396 1343 consensu
1416 1299 1461 1342 et
1488 1288 1783 1341 auctoritate
1804 1285 1899 1340 Ec-

176 1382 462 1452 clesiarum‚
494 1395 539 1438 et
565 1385 862 1456 praesertim
888 1383 1044 1449 illius,
1067 1384 1152 1453 qui
1179 1382 1258 1435 his
1295 1380 1442 1434 rebus
1470 1392 1685 1454 praeest,
1714 1381 1899 1452 quique

171 1476 476 1550 reipublicae
521 1476 893 1531 calamitatibus
924 1487 970 1530 et
997 1494 1143 1549 saepe
1187 1492 1331 1548 opem
1375 1475 1507 1543 tulit,
1534 1486 1599 1543 et,
1629 1494 1741 1529 cum
1769 1494 1892 1549 opus

171 1582 264 1640 est,
308 1569 436 1626 ferre
480 1591 578 1627 non
624 1573 802 1627 renuit.
850 1569 967 1645 Ipsa
1011 1570 1257 1625 naturalis
1302 1572 1431 1625 ratio
1476 1569 1670 1638 suadet,
1710 1570 1898 1623 nemini

173 1665 250 1720 fas
295 1685 402 1720 esse
445 1667 495 1721 in
541 1685 644 1720 rem
689 1666 905 1720 alienam
931 1665 1082 1719 etiam
1108 1664 1205 1719 sibi
1233 1663 1455 1718 debitam
1484 1675 1657 1718 contra
1702 1663 1896 1718 domini

175 1760 500 1829 voluntatem,
546 1759 622 1814 vel
665 1778 722 1815 eo
767 1759 1047 1814 inconsulto
1091 1757 1347 1813 invadere:
1402 1759 1566 1832 primo
1630 1758 1763 1812 enim
1825 1777 1902 1812 res

172 1854 383 1928 petenda
426 1866 518 1923 est,
562 1873 621 1908 ne
664 1873 808 1909 sacra
851 1853 1064 1908 dominii
1107 1854 1220 1923 jura
1266 1853 1532 1908 violentur.
1580 1854 1694 1921 Est,
1741 1865 1791 1907 ut
1833 1854 1903 1907 ait

171 1947 544 2004 Puffendorfius
606 1945 716 2004 Jur.
761 1944 883 2004 Nat.
947 1959 993 2002 et
1056 1944 1202 2003 Gent.
1257 1947 1290 2003 l.
1340 1949 1372 2000 2
1434 1967 1544 2021 cap.
1593 1952 1623 2001 6
1672 1942 1716 2017 ᾗ.
1766 1950 1797 2000 5
1844 1966 1900 2000 ea

171 2043 395 2097 dominii
438 2043 533 2110 cisj
579 2054 633 2097 ut
676 2025 915 2097 dominus
957 2060 1036 2097 res
1080 2060 1195 2097 suos
1239 2042 1344 2114 ipse
1380 2042 1541 2114 possit
1584 2042 1902 2115 dispensare)

174 2137 329 2192 etiam
371 2139 441 2192 acl
483 2155 607 2209 qiios
649 2137 803 2193 alteri
846 2137 1126 2192 tradendus
1169 2137 1443 2208 obliqotur.
1500 2139 1588 2190 Ex
1649 2155 1747 2208 quo
1790 2155 1905 2190 con-

169 2232 421 2303 sequicur‚
465 2233 601 2303 quod
642 2250 721 2287 ¹res
766 2232 828 2287 ab
871 2232 1034 2286 altero
1077 2232 1173 2286 sibi
1217 2231 1412 2286 debitas
1456 2250 1559 2285 non
1600 2232 1772 2285 statim
1800 2233 1904 2303 ipse

172 2327 285 2398 quis
328 2327 559 2382 involare
603 2339 774 2400 queatj
820 2328 907 2382 secl
950 2327 1241 2393 (lominum,
1292 2337 1348 2380 ut
1408 2327 1504 2381 sibi
1566 2345 1648 2380 eas
1707 2327 1904 2392 tradat,

166 2439 376 2494 poscere
421 2422 615 2479 debeat.

246 2515 436 2572 Verum
480 2529 531 2572 ut
574 2537 651 2587 eo,
696 2518 826 2572 unde
869 2518 1085 2588 digressi
1129 2537 1322 2585 sumus9
1362 2528 1693 2582 revertamurj
1739 2518 1896 2571 sacris

174 2612 449 2667 canonibus
493 2613 741 2667 sancitum
784 2624 876 2681 est,
921 2613 1147 2667 societati
1192 2612 1351 2679 civili,
1395 2630 1547 2684 quam
1593 2630 1708 2665 vera
1736 2630 1903 2665 neces-

172 2705 294 2760 sitas
321 2708 521 2780 premit,
549 2725 693 2781 opem
722 2708 1066 2780 auxiliumque
1093 2726 1155 2761 ex
1182 2707 1327 2762 bonis
1357 2705 1614 2761 Ecclesiae
1643 2704 1902 2760 ferendum

174 2818 301 2869 esse,
346 2812 493 2873 atque
537 2800 590 2856 id
634 2821 830 2875 semper
873 2801 937 2855 ab
981 2800 1208 2856 Ecclesia
1253 2799 1440 2855 factum
1484 2799 1660 2868 fuisse,
1729 2819 1904 2855 monu-

176 2894 354 2949 mentis
400 2895 641 2951 historiae
686 2895 1062 2969 comprobatur.
1111 2892 1175 2950 At
1221 2915 1334 2950 vero
1380 2894 1636 2950 Ecclesiae
1676 2894 1903 2949 subsidia

1557 2991 1624 3041 18
