2114 3289
336 86 447 136 184
512 102 604 138 un.
632 102 683 137 11.
715 100 759 137 G.
789 99 840 135 11.
871 99 930 134 DE
960 99 1119 136 muso.
1151 100 1379 142 eonmto.
1410 102 1516 135 ΝΗ.
1547 100 1607 134 ΕΤ
1635 98 1851 136 oFqus

253 203 519 278 Episcopis
563 201 892 259 consecrandi
935 213 1114 270 erant3
1162 198 1245 256 2⁰
1289 204 1407 274 quia
1450 201 1729 277 Episcopos
1763 204 1818 256 in
1851 202 1975 256 vicis

251 310 299 353 et
343 301 489 373 pagis
536 298 836 352 constituere
879 314 1094 351 canones
1142 295 1393 364 vetabant,
1437 308 1610 352 contra
1655 315 1771 351 vero
1815 293 1980 350 Chor-

256 394 479 468 episcopi
535 409 634 445 non
687 389 849 459 alibi,
910 409 1062 462 quam
1113 391 1165 444 in
1209 390 1333 443 vicis
1377 390 1843 459 constituebantur,
1889 385 1973 445 3.⁰

252 489 372 560 quia
416 484 783 559 Chorepiscopi
826 504 854 539 a
898 482 1317 540 Neocaesariensi
1362 481 1570 553 Synodo
1623 484 1689 538 ad
1742 483 1978 538 similitu-

254 581 421 636 dinem
466 581 781 653 septuaginta
825 579 1190 652 discipulorum
1235 578 1450 631 instituti
1494 577 1745 647 dicuntur,
1772 589 1824 632 at
1858 575 1980 649 Epi-

248 677 388 749 scopi
430 693 530 731 non
573 674 941 749 discipulorum
986 672 1158 742 modo,
1204 690 1375 727 verum
1418 673 1570 726 etiam
1613 670 1973 746 Apostolorum

248 788 560 825 successores
605 787 801 843 semper
844 768 1010 823 habiti
1054 779 1185 823 sunt.

332 865 490 920 Erant
532 877 697 920 tamen
741 862 1107 937 Chorepiscopi
1152 881 1250 917 non
1294 865 1507 933 exiguae
1547 862 1829 933 dignitatiS,
1856 863 1977 935 quia

252 962 304 1014 in
331 962 475 1034 pagis
503 971 550 1014 et
594 958 796 1033 oppidis
841 957 1210 1032 Episcoporum
1257 959 1387 1013 vices
1431 957 1707 1028 gerebant,
1751 956 1976 1029 adeoque

252 1053 618 1129 Chorepiscopi
661 1053 783 1108 dicti
827 1065 940 1108 sunt
983 1054 1128 1126 quasi
1171 1053 1313 1106 ruris
1357 1051 1617 1124 Episcopi,
1661 1069 1843 1124 eosque
1887 1050 1978 1105 Vi-

248 1151 412 1204 carios
476 1148 844 1223 Episcoporum
905 1148 1179 1221 appellavit
1239 1145 1476 1216 Synodus
1526 1144 1973 1202 Neocaesariensis

245 1263 375 1299 anno
413 1247 526 1299 314
553 1262 663 1316 cap.
696 1247 747 1297 3:
784 1242 1002 1310 Vicctrz'i,
1030 1244 1212 1314 inquit,
1242 1241 1633 1313 Episcoporum,
1671 1257 1794 1310 quos
1819 1241 1981 1293 Grae-

248 1341 294 1393 ci
358 1340 746 1411 Cltorepiscopos
803 1349 1000 1394 coeant.
1063 1337 1338 1391 Praeerant
1387 1339 1520 1392 ruris
1574 1335 1892 1405 presbyteris
1935 1347 1982 1390 et

246 1433 525 1504 EcclesiiS,
568 1452 751 1506 easque
796 1432 1106 1501 visitabant,
1151 1430 1363 1487 Clericis
1410 1431 1664 1487 ruralibus
1715 1433 1768 1486 in
1823 1431 1979 1485 aliam

251 1528 533 1584 Ecclesiam
578 1526 877 1583 abeuntibus
920 1526 1111 1581 dabant
1151 1526 1345 1581 litteras
1389 1526 1731 1594 dimissoriaS,
1758 1522 1977 1581 Subdia-

249 1641 402 1678 conos
459 1623 685 1694 aliosque
739 1622 959 1674 minores
1005 1618 1230 1675 Clericos
1274 1619 1616 1689 ordinabant,
1659 1621 1780 1692 quin
1824 1620 1976 1674 etiam

249 1720 291 1772 si
336 1716 612 1790 episcopali
657 1716 946 1769 charactere
991 1715 1219 1784 insigniti
1263 1714 1473 1769 fuissent
1524 1710 1973 1786 (quandoquidem

247 1810 614 1886 Chorepiscopi
682 1808 933 1864 interdum
1000 1809 1350 1880 eligebantur,
1411 1810 1497 1882 qui
1555 1809 1661 1879 jam
1728 1807 1967 1882 Episcopi

245 1906 448 1977 erant),
492 1904 825 1975 presbyteros
874 1923 1071 1977 quoque
1116 1916 1162 1958 et
1204 1902 1459 1959 Diaconos
1504 1903 1884 1972 consecrabant,
1912 1921 1977 1957 ex

247 2000 559 2070 delegatione
621 2012 822 2068 tamen,
885 2018 971 2054 seu
1024 1999 1252 2054 consulto
1297 2000 1435 2071 prius
1483 1996 1638 2052 Urbis
1682 1996 1972 2072 EpiscopO,

247 2096 327 2149 cui
372 2094 766 2166 Chorepiscopus
808 2092 1086 2166 subjicitur
1128 2093 1234 2165 ipse
1276 2103 1324 2146 et
1365 2092 1528 2164 re9i0,
1572 2104 1624 2146 ut
1665 2094 1838 2147 statuit
1879 2090 1976 2162 Sy-

249 2190 410 2246 nodus
457 2189 786 2246 Antiochena.
836 2189 893 2244 In
936 2192 1138 2245 civitate
1182 2207 1351 2245 coram
1396 2187 1647 2263 Episcopo
1690 2200 1737 2243 et
1766 2189 1974 2244 urbanis

247 2284 570 2355 Presbyteris
631 2297 860 2358 poterant
922 2286 1080 2339 sacris
1142 2286 1361 2358 operari,
1424 2283 1559 2357 quod
1622 2285 1798 2339 ceteris
1841 2284 1972 2338 ruris

252 2379 570 2449 presbyteris
632 2398 729 2434 non
790 2378 989 2435 licebat.
1044 2378 1271 2451 Denique
1331 2378 1557 2435 nonnulli
1609 2376 1974 2451 Chorepiscopi

249 2476 501 2531 interdum
544 2475 778 2530 sederunt
820 2476 872 2528 in
919 2473 1141 2544 Synodis
1185 2475 1541 2545 generalibus,
1584 2487 1632 2529 et
1674 2473 1972 2543 suffragium

250 2571 483 2640 tulerunt,
528 2589 626 2625 nou
670 2568 874 2642 quidem
919 2570 1111 2623 ratione
1154 2567 1636 2642 ChorepiscopatuS,
1676 2567 1762 2623 sed
1805 2567 1971 2639 potius

252 2665 324 2717 vel
353 2665 684 2733 delegatione,
715 2663 790 2717 vel
828 2662 1180 2717 substitutione
1223 2663 1274 2715 in
1319 2662 1483 2716 locum
1528 2662 1809 2717 absentium
1853 2658 1975 2734 Epi-

250 2778 553 2833 scoporuin,
600 2759 673 2813 vel
717 2778 779 2813 ex
823 2757 1077 2813 Ecclesiae
1120 2757 1469 2827 indulgentia,
1515 2757 1590 2811 vel
1640 2756 1843 2811 demum
1893 2775 1973 2811 ra-

252 2856 382 2908 tione
426 2853 638 2908 Ordinis
684 2853 1005 2927 episcopalis,
1049 2872 1168 2925 quo,
1212 2863 1266 2907 ut
1307 2852 1552 2919 diximus,
1580 2851 1737 2923 aliqui
1781 2848 1974 2905 Chore-

252 2941 443 3019 discopi
489 2948 811 3003 ornabantiu‘.
