2114 3289
359 110 430 160 20
651 127 765 163 GAP.
811 126 843 162 1.
890 126 950 161 DE
996 127 1117 161 June
1161 127 1278 164 οΑΝ.
1325 127 1613 163 GENERATIM

273 229 564 296 canonicoS,
604 228 827 283 alteram
855 238 911 281 ut
952 228 1017 282 sit
1033 228 1301 301 proposita
1334 230 1396 283 ab
1422 230 1668 287 Ecclesia.
1704 229 1762 286 Si
1795 241 1994 295 atram-

272 341 368 395 que
411 323 546 378 adsit
587 322 749 377 alicui
790 322 1078 390 doetrinae,
1120 322 1218 377 illa
1254 322 1356 396 fide
1400 323 1581 378 divina
1633 324 1883 379 catholica
1925 336 1996 380 est

276 418 551 473 credenda:
596 417 639 471 si
681 416 902 471 alterum
945 417 1096 483 desit,
1141 434 1227 470 sea
1267 417 1533 484 revelatio,
1576 436 1663 472 seu
1711 419 1996 492 propositio

273 512 550 578 Ecclesiae,
594 529 697 565 non
741 522 810 565 est
851 511 955 585 fide
1016 511 1197 565 clii-ina
1255 510 1505 566 catholica
1563 513 1835 570 credenda.
1894 514 1999 569 Sed

269 607 545 661 secundam
589 605 761 659 adesse
811 623 914 658 non
966 616 1149 678 potest,
1211 606 1338 676 quin
1388 606 1622 677 primum
1679 608 1995 679 reperiatur,-

272 701 395 772 qaia
424 719 537 754 cum
560 699 786 755 Christus
812 700 1068 754 Ecclesiae
1088 700 1389 772 promiserit
1414 701 1752 755 assistentiam
1771 702 1996 774 Spiritus

269 799 348 862 S„
392 795 481 866 qai
522 794 698 849 doceat
740 813 851 849 eam
894 795 1145 865 elacatqae
1190 795 1247 848 in
1289 813 1489 849 omnem
1541 796 1829 862 veritatem,
1873 796 1995 850 liaeo

271 906 574 959 numquam,
618 881 778 943 stante
825 890 923 944 Dei
958 889 1320 962 promissione,
1365 906 1492 960 qaae
1536 907 1731 963 semper
1779 890 1988 957 obtinet,

269 983 414 1038 docet
453 982 659 1054 aliquid
720 1001 817 1038 esse
877 983 1180 1058 revelatam,
1241 985 1378 1054 quod
1435 1003 1539 1038 non
1587 985 1651 1038 sit
1692 984 1990 1041 revelatum.

269 1077 430 1149 Igitur
455 1079 521 1134 ad
548 1098 788 1135 canonem
833 1079 1176 1151 dogmaticum
1219 1080 1674 1150 internoscendum,
1716 1099 1815 1137 non
1858 1100 1983 1155 opus

268 1184 342 1227 est
385 1185 435 1228 ut
476 1174 811 1246 inquiramus,
856 1193 918 1230 an
963 1174 1193 1229 doctrina
1237 1175 1442 1229 canonis
1487 1174 1727 1229 divinitus
1766 1175 1987 1230 revelata

268 1270 352 1336 sit,
395 1267 480 1323 sed
525 1269 647 1323 satis
691 1270 733 1323 si
776 1280 1086 1342 compertum
1128 1268 1425 1337 habeamuS,
1470 1268 1752 1323 doctrinam
1780 1270 1985 1324 canonis

268 1362 333 1417 ab
374 1361 601 1416 Ecclesia
645 1374 903 1435 tamquam
947 1362 1064 1417 fidei
1107 1362 1291 1432 dogma
1336 1364 1647 1436 propositam
1689 1382 1813 1418 esse.

348 1457 414 1512 At
460 1477 574 1513 vero
619 1477 832 1513 canones
878 1457 1179 1531 quandoque
1222 1458 1283 1513 de
1327 1459 1473 1513 rebus
1518 1458 1635 1513 fidei
1678 1458 1872 1531 aliquid
1916 1458 1990 1513 af-

272 1552 495 1621 firmant,
542 1564 626 1607 aut
668 1563 871 1623 negant,
917 1554 1037 1625 quin
1081 1542 1217 1608 satis*
1248 1565 1506 1626 appareat,
1550 1565 1715 1607 utrum
1765 1572 1822 1608 ea
1874 1554 1994 1607 sim-

274 1647 392 1720 plex
436 1648 502 1702 sit
545 1658 629 1701 aut
673 1647 940 1702 affirmatio
984 1658 1069 1701 aut
1110 1649 1329 1717 negatiO,
1358 1666 1420 1701 an
1449 1666 1564 1702 vera
1591 1646 1842 1717 dogmatis
1870 1647 1990 1701 fidei

275 1742 576 1814 propositio.
623 1739 784 1811 Igitur
826 1760 1025 1796 necesse
1067 1752 1143 1795 est
1184 1741 1380 1813 aliquas
1425 1741 1622 1811 regulas
1667 1741 1717 1794 in
1759 1752 1994 1814 promptu

272 1834 496 1902 habere,
556 1834 739 1907 quibus
801 1834 1016 1907 simplex
1076 1835 1344 1889 affirmatio
1404 1846 1487 1889 aut
1539 1836 1736 1905 negatio
1788 1855 1816 1890 a
1860 1847 1993 1890 certa

274 1929 529 1999 dogmatis
574 1929 921 2002 propositione
965 1948 1238 1998 secernere,
1266 1940 1312 1983 et
1354 1930 1686 1984 internoscere
1720 1931 1991 2002 possimus,

350 2022 583 2091 Quatuor
626 2024 917 2094 hujusmodi
963 2025 1161 2095 regulas
1215 2023 1469 2080 Melchior
1527 2021 1694 2079 Canus
1756 2025 1839 2080 cit.
1894 2024 1990 2080 loc.

271 2119 519 2187 exhibuit,
547 2137 671 2190 quas
697 2117 948 2189 Theologi
992 2131 1037 2173 et
1075 2116 1379 2173 Canonistae
1423 2137 1617 2173 summa
1662 2121 1988 2174 consensione

273 2214 492 2287 amplexi
536 2224 665 2268 sunt·
711 2211 811 2267 Eas
856 2211 1025 2268 Canus
1068 2212 1257 2287 profert
1300 2213 1439 2267 hisce
1483 2212 1671 2282 verbis3

349 2307 554 2376 Prima,
599 2318 642 2361 et
687 2325 745 2360 ca
788 2307 995 2377 quidem
1046 2308 1338 2378 manifesta,
1383 2307 1426 2361 si
1487 2307 1807 2360 contrariam
1865 2323 1993 2360 asse-

266 2413 431 2456 rentes
462 2419 562 2472 pro
603 2401 871 2455 haereticis
908 2401 1234 2474 judicentur.
1283 2400 1443 2473 Cujus
1470 2400 1548 2454 rei
1576 2400 1812 2472 exempla
1846 2400 1993 2454 habes

270 2515 378 2569 cap.
425 2515 698 2551 DAMNAMUS
741 2496 803 2549 cle
847 2499 989 2552 Sam.
1037 2495 1186 2552 Trin.
1248 2507 1293 2549 et
1354 2513 1464 2567 cap.
1523 2496 1662 2551 unic.
1723 2496 1785 2548 cle
1846 2498 1988 2550 Sum.

276 2590 422 2647 Trin.
468 2591 526 2643 in
570 2594 624 2659 6,
667 2602 714 2644 et
756 2588 998 2647 Clement.
1045 2592 1176 2645 unic.
1223 2591 1283 2645 de
1326 2609 1455 2646 sum.
1498 2589 1643 2645 Trin.
1687 2584 1731 2660 §-
1781 2591 1831 2646 1.

351 2685 528 2739 Altera
571 2697 691 2738 nota
736 2695 828 2750 est,
873 2703 987 2737 cum
1030 2686 1085 2738 in
1127 2685 1257 2739 lianc
1297 2685 1517 2756 formam
1561 2684 1795 2755 Synoclus
1824 2683 1994 2737 decre-

271 2791 323 2832 ta
358 2779 681 2850 praescribit:
743 2798 785 2834 SI
849 2797 962 2840 Qms
1022 2799 1122 2834 Hoc
1184 2798 1281 2834 AUT
1340 2799 1485 2834 num
1544 2798 1803 2847 SENsEmT,
1867 2798 1992 2834 ANA-

271 2892 438 2927 TuEMA
482 2892 571 2927 srr:
618 2873 797 2943 qualia
832 2873 1093 2945 permulta
1134 2885 1249 2927 sant
1290 2875 1346 2927 in
1392 2873 1617 2927 Concilio
1664 2874 1906 2928 Toletano
1945 2878 1988 2927 I.

274 2979 317 3022 et
360 2967 416 3021 in
460 2968 666 3036 synodo
714 2968 1035 3024 Tridentino.
