2114 3289
364 97 476 147 ‘244
543 112 636 149 mss.
664 112 733 147 111.
761 111 808 146 u.
835 110 887 146 ιι.
919 109 979 145 nu
1007 110 1163 147 annus
1192 112 1331 148 nect.
1364 113 1572 148 Porsssr.
1601 112 1857 150 SUBJECTIS

335 216 541 261 Tertium
576 224 822 261 causarum
867 212 1285 259 matrimonialium
1331 227 1478 272 genus
1514 227 1680 261 causas
1724 227 1848 262 mere
1883 216 2005 263 civi-

269 295 336 342 les
372 294 717 353 complectitur,
755 292 897 338 veluti
923 292 978 337 de
1015 292 1220 347 dotibus,
1259 293 1313 339 de
1338 294 1673 341 donationibus
1705 302 1892 353 propter
1915 309 2006 342 nu-

275 377 415 434 ptias,
452 376 506 419 de
558 372 814 427 alimentis,
864 373 920 418 de
972 374 1270 419 successione
1322 373 1623 429 hereditaria,
1676 383 1722 421 et
1767 376 1810 420 id
1856 389 2006 434 genus

267 458 400 503 alias.
427 458 490 500 De
526 454 696 511 quibus
718 453 837 498 nihil
863 455 1036 501 attinet
1071 454 1246 509 dicere,
1271 455 1364 500 nisi
1387 455 1509 512 quod
1542 455 1812 514 hujusmodi
1837 469 2006 503 causae

267 542 322 584 ad
359 538 510 584 forum
546 537 687 583 civile
713 520 981 594 pertinent.

1046 683 1093 759 3.
1141 692 1233 744 65.

450 824 524 868 DE
565 822 748 869 REssUS
784 822 857 867 ET
892 822 1095 869 CAUSlS
1133 823 1427 870 CONNEXIS
1463 823 1573 870 SEU
1608 823 1808 869 MlXTlS

354 985 482 1041 Sunt
524 1005 601 1041 res
646 987 845 1059 aliquae
888 988 992 1041 sive
1019 988 1152 1057 jura,
1196 1005 1322 1060 quae
1349 988 1553 1060 quidem
1582 1005 1693 1041 vere
1719 997 1765 1041 et
1799 988 1998 1059 proprie

272 1082 553 1155 spiritualia
600 1099 695 1137 non
740 1092 873 1150 sunt,
917 1082 1003 1136 sed
1048 1101 1159 1137 cuin
1223 1082 1570 1154 spiritualibus
1623 1091 1996 1136 connectuntur.

272 1175 436 1246 Hujus
481 1177 676 1247 generis
721 1188 833 1239 sunt
893 1177 1152 1249 Beneficia
1215 1176 1591 1242 Ecclesiastico,
1637 1195 1780 1231 sacra
1824 1193 1999 1247 nempe

272 1272 573 1338 ministeria,
635 1289 761 1342 quae
824 1271 1122 1344 temporales
1183 1271 1408 1326 redditus
1472 1283 1706 1345 perpetuo
1778 1269 2000 1323 adnexos

273 1365 478 1433 habent,
522 1366 593 1418 sic
637 1367 787 1418 etiam
831 1362 1239 1436 Juspatronatus,
1285 1364 1540 1434 Decimae,
1584 1376 1629 1418 et
1669 1364 1888 1436 reliquae
1923 1382 1999 1417 res

276 1458 594 1531 temporaleS,
639 1477 765 1530 quae
812 1458 956 1512 rebus
1001 1459 1348 1531 spiritualibus
1393 1459 1685 1513 adhaerent.

353 1551 463 1606 Hae
507 1572 584 1606 res
629 1571 741 1606 cum
786 1552 1133 1624 spiritualibus
1178 1572 1429 1607 connexae
1465 1554 1633 1607 vocari
1661 1553 1812 1606 etiam
1840 1550 2001 1605 solent

273 1646 505 1712 πήχεσι),
551 1647 669 1718 quia
715 1657 974 1700 versantur
1018 1647 1151 1700 circa
1196 1665 1300 1700 rem
1344 1646 1699 1719 temporalem,
1743 1664 1854 1699 cum
1899 1645 2002 1718 spi-

279 1742 447 1795 rituali
500 1742 844 1810 conjunetam,
889 1751 934 1793 et
980 1740 1342 1813 propemodum
1404 1739 1705 1808 admixtam,
1766 1739 1992 1794 nonnulli

276 1847 438 1889 tamen
510 1833 813 1890 Canonistae
874 1853 957 1888 eas
1020 1834 1323 1889 contendunt
1384 1853 1459 1889 res
1502 1833 1696 1887 mixtas
1751 1833 1996 1908 appellari

276 1930 476 1998 debere,
505 1949 601 1984 non
647 1947 773 2001 quae
818 1929 1078 2002 spirituale
1122 1929 1316 2001 aliquid
1362 1948 1473 1984 cum
1514 1928 1775 2002 temporali
1819 1928 1999 1998 adjun-

275 2036 408 2078 ctum
487 2023 705 2091 liabent,
768 2022 854 2077 sed
917 2042 1042 2095 quae
1107 2023 1180 2077 vel
1258 2024 1524 2097 privilegio
1602 2034 1686 2076 aut
1762 2022 1997 2077 diuturna

275 2119 630 2174 consuetudine
674 2121 870 2191 utrique
915 2121 1146 2192 potestati
1191 2120 1555 2174 ecclesiasticae
1598 2130 1643 2173 et
1687 2119 1825 2174 civili
1864 2137 1999 2172 com-

274 2232 445 2268 munes
515 2226 814 2282 evaserunt,
878 2214 1026 2268 veluti
1087 2213 1305 2282 delicta,
1366 2232 1491 2285 quae
1553 2215 1697 2268 mixti
1758 2212 1855 2267 fori
1924 2212 2001 2266 di-

272 2320 484 2376 cuntur,
546 2309 597 2361 in
658 2308 840 2380 quibus
903 2308 1127 2363 alterutri
1187 2311 1417 2381 potestati
1479 2309 1593 2362 licet
1653 2309 1811 2382 priori
1882 2309 1989 2362 loco

273 2405 527 2474 negotium
587 2421 847 2475 occupare.
912 2401 1098 2456 Verum
1158 2405 1446 2475 quaestione
1506 2403 1567 2458 (le
1609 2405 1810 2458 nomine
1850 2420 1992 2475 prae-

274 2499 524 2565 termissa,
570 2496 909 2569 quaerendum
953 2498 1116 2569 potius
1159 2510 1232 2552 est
1282 2499 1543 2568 cujusnam
1604 2497 1886 2551 auctoritati
1945 2507 1991 2549 et

271 2592 464 2662 judicio
544 2611 618 2646 res
681 2590 973 2660 hujusmodi
1035 2588 1417 2660 subjiciantur?
1476 2590 1622 2646 Joan.
1702 2589 1878 2644 Devoti
1939 2590 1990 2643 in

275 2685 653 2756 prolegomenis
699 2688 748 2739 in
791 2683 881 2739 Jus
936 2682 1246 2739 Canonicum
1302 2687 1587 2739 universum
1631 2703 1739 2757 cap.
1795 2683 1895 2737 Xll
1943 2681 1991 2756 §-

279 2784 384 2836 19:
437 2784 496 2834 Ut
539 2791 751 2848 rectum,
812 2780 993 2852 inquit,
1035 2778 1165 2850 ferri
1217 2782 1373 2850 possit
1410 2778 1699 2851 judicium,
1755 2797 1812 2830 ac
1856 2778 1991 2850 justi

267 2886 532 2946 ponantur
569 2875 694 2947 fines
721 2873 1082 2928 ecclesiasticae
1127 2885 1170 2926 ec
1196 2872 1360 2926 civilis
1396 2872 1674 2944 potestaciS,
1702 2873 1837 2926 illud
1862 2873 1990 2926 mihi
