2114 3289
490 117 536 193 ὃ.
565 140 692 178 xvn.
724 131 784 176 DE
814 138 1021 177 POTEST.
1051 140 1204 176 somn
1237 140 1520 178 PONTlFtcls
1716 127 1786 178 63

146 242 272 299 olim
313 260 417 297 non
457 241 610 298 semel
659 241 890 315 professa
933 252 1024 309 est,
1070 244 1364 298 Romanu-m
1418 242 1727 316 Episcopum
1771 261 1869 299 esse

137 337 267 410 jure
310 336 488 391 divino
529 338 799 392 Summam
842 336 899 389 in
942 331 1171 390 Ecclesia
1212 336 1536 410 Pontificem,
1574 337 1658 391 cui
1700 355 1870 391 omnes

145 430 429 486 Christiani
462 447 652 503 parere
703 440 962 495 tenentur,
1007 440 1052 483 et
1104 430 1194 501 qai
1242 431 1538 486 immediate
1588 450 1620 485 a
1671 430 1870 487 Christo

142 543 246 580 non
288 523 496 579 lionoris
538 523 723 591 solam‚
750 524 838 578 secl
870 525 1138 596 potestatis
1173 535 1218 578 et
1246 524 1635 598 jurisdictionis
1661 524 1872 580 Prima-

142 629 253 673 tum
294 617 476 673 habeat
502 619 560 673 in
586 629 691 673 tota
732 616 978 675 Ecclesia.
1009 616 1166 693 quue
1210 617 1390 673 debent
1415 616 1668 676 Catholici
1696 639 1868 675 omnes

141 714 388 790 profiteri.
429 712 547 772 Jam
591 735 707 773 vero
749 714 793 770 si
819 715 1084 769 Romanus
1125 714 1405 787 Episcopus
1438 727 1507 770 est
1541 716 1720 771 divino
1739 716 1868 790 jure

140 813 383 866 Summus
441 810 500 864 in
557 809 787 864 Ecclesia
839 808 1128 882 Pontifex,
1170 809 1215 863 si
1256 809 1552 865 immediate
1596 830 1627 865 a
1671 811 1869 866 Christo

138 902 439 959 Primatum
489 904 756 978 potestatis
816 914 862 958 et
931 902 1320 978 jurisdictionis
1378 903 1436 957 in
1487 915 1594 959 tota
1636 906 1867 961 Ecclesia

137 998 339 1066 habuit,
382 999 427 1053 si
470 1016 640 1054 omnes
684 997 968 1054 Christiani
1011 997 1176 1052 eidem
1214 1016 1404 1070 parere
1454 1009 1714 1068 tenentur,
1757 1020 1867 1055 ma-

136 1093 316 1166 nifeste
375 1092 548 1166 falsa,
605 1102 756 1164 atque
816 1092 971 1148 etiam
1022 1090 1298 1147 catholicae
1342 1093 1607 1148 doctrinae
1651 1095 1868 1150 adversa

139 1206 318 1242 eorum
359 1187 538 1261 opinio
582 1198 673 1254 est,
700 1187 789 1259 qui
831 1187 1011 1242 docent
1053 1186 1356 1261 Pontificem
1398 1188 1534 1242 nihil
1558 1188 1616 1242 in
1640 1189 1871 1243 Ecclesia

130 1299 316 1355 posse,
370 1292 739 1356 praeterquam
797 1281 855 1335 in
904 1281 1100 1335 casibus
1149 1281 1595 1336 extraordinariis
1639 1283 1710 1336 acl
1750 1300 1868 1356 sup—

131 1376 385 1449 plendam
426 1376 654 1430 aliorum
695 1374 1082 1447 neqliqentiam.
1144 1371 1414 1431 Praeclare
1456 1376 1612 1446 igitur
1661 1374 1867 1433 Natalis

137 1471 202 1527 ab
261 1468 554 1526 Alexandro
613 1481 829 1526 mentem
889 1488 1067 1538 suam,
1127 1470 1230 1525 imo
1281 1489 1398 1525 vero
1442 1470 1727 1526 doctrinam
1770 1471 1867 1528 Ec-

136 1565 319 1621 clesiae
379 1564 659 1621 catholicae
709 1566 783 1620 sic
826 1562 1048 1638 explicat
1089 1563 1440 1620 dissertatione
1485 1563 1559 1620 IV
1601 1566 1652 1619 in
1696 1586 1868 1622 saecu-

133 1659 239 1715 lum
266 1657 290 1715 I
317 1659 477 1716 schol.
525 1662 588 1715 3:
634 1659 901 1713 Romanus
943 1658 1195 1731 Pontifex
1237 1675 1489 1713 summam
1531 1658 1701 1728 habet,
1731 1680 1867 1716 eam-

135 1771 231 1826 que
284 1753 653 1821 ordinariam,
696 1752 755 1808 in
795 1751 1026 1807 Ecclesia
1067 1753 1308 1807 universa
1341 1765 1642 1825 potestatem
1686 1766 1732 1809 et
1774 1775 1868 1810 au-

136 1848 421 1903 ctoritatem-
439 1869 462 1918 ,-
506 1865 661 1919 qaam
702 1866 806 1901 non
848 1833 1292 1902 eactraortlinariis
1335 1847 1612 1903 dumtaxat
1645 1851 1863 1919 casibuS,

134 1944 223 1998 sed
280 1960 476 2016 semper
527 1960 765 1998 excercere
810 1952 975 2016 potest
1020 1953 1065 1997 et
1105 1942 1163 1996 in
1198 1942 1375 2016 fideles
1417 1943 1679 1999 universos
1722 1958 1766 2000 et
1809 1947 1866 2000 in

134 2038 268 2110 ipsos
309 2037 566 2092 Ecclesiae
608 2037 763 2092 totius
804 2037 1100 2111 Episcopos,
1144 2036 1269 2108 quia
1311 2039 1592 2094 Pastorum
1633 2041 1866 2095 omnium

135 2151 265 2190 unns
310 2143 378 2186 est
420 2134 625 2189 Pastor.

192 2319 308 2366 Vide
355 2319 595 2379 Zallinger
628 2318 726 2366 Jur.
765 2318 879 2366 eccl.
917 2320 1026 2378 pub.
1065 2332 1167 2378 cap.
1204 2319 1232 2364 4
1273 2317 1312 2382 ς.
1352 2320 1443 2367 341
1468 2356 1481 2378 ,
1520 2329 1566 2368 et
1600 2323 1866 2370 Ennodium

126 2403 435 2450 Faventinum
471 2404 538 2450 De
574 2402 774 2452 Romani
808 2402 1056 2465 Pontificis
1090 2402 1309 2451 Primatu
1346 2412 1466 2465 part.
1503 2407 1705 2453 secunda
1736 2408 1870 2465 capi-

129 2486 256 2533 tibus
290 2489 317 2533 5
357 2493 404 2534 et
440 2487 488 2533 6.
