2114 3289
382 149 427 226 ᾗ.
454 173 527 210 xi.
558 172 617 208 DE
644 170 762 216 Aac.
795 172 1038 209 PROTEST.
1066 172 1137 209 Ex
1163 172 1365 209 NATURA
1395 172 1560 210 anuo.
1670 158 1742 208 45

109 288 366 352 sceptam,
421 276 498 332 vel
550 274 942 349 suscipiendam.
1005 274 1180 350 Itaque
1221 277 1334 347 illi,
1378 278 1464 351 qui
1505 276 1826 348 Religionem

111 390 280 426 veram
339 368 562 426 nondum
621 383 978 444 susceperunt,
1040 370 1196 445 probe
1257 371 1601 442 distinguendi
1649 371 1713 426 ab
1763 373 1826 425 iis

109 475 260 533 sunt,
302 464 389 538 qui
437 465 544 535 jam
596 461 854 536 Religioni
907 476 953 519 et
1011 463 1265 520 Ecclesiae
1324 484 1506 520 nomen
1565 465 1826 521 dederunt.⁷

107 558 333 630 Reliffl'o,
364 571 416 615 ut
442 561 601 630 ajunt,
628 559 860 614 naturali
894 559 1126 614 libertate
1167 560 1376 631 qaudet,
1402 580 1502 616 non
1544 580 1601 616 ea
1642 573 1828 630 tamen,

107 665 160 708 ut
186 653 247 709 de
273 653 381 710 Deo
409 655 658 728 rebusque
683 654 870 709 divinis
897 653 1146 728 quidquid
1180 654 1385 715 libuerit
1427 657 1609 711 sentire
1650 655 1827 725 liceat3

108 750 212 804 imo
274 767 391 804 vero
450 749 679 804 homines
733 747 798 803 ad
853 767 1023 803 veram
1065 746 1384 821 Religionem
1425 750 1829 822 investigandam

106 853 154 897 et
198 842 598 917 amplectendam
647 843 866 899 naturali
924 843 1197 918 divinoque
1252 844 1365 914 jure
1423 856 1665 900 tenentur.
1726 843 1828 900 Sed

105 934 311 1008 Religio
373 937 536 993 libera
597 936 820 1007 dicitur,
879 950 1123 1012 quatenus
1184 937 1250 993 ad
1303 957 1414 994 eam
1456 938 1830 1013 suscipiendam

107 1050 254 1089 nemo
315 1034 501 1088 invitus
564 1033 798 1108 compelli
855 1032 1038 1103 debet,
1097 1052 1186 1089 nec
1248 1053 1364 1090 vero
1424 1046 1618 1109 potest:
1673 1053 1830 1106 neque

112 1129 246 1182 enim
291 1125 546 1184 Catholici
589 1129 870 1184 coactivam
915 1129 1016 1183 vim
1058 1127 1315 1184 Ecclesiae
1358 1129 1583 1184 tribuunt
1624 1131 1675 1184 in
1718 1148 1830 1197 eos,

107 1223 195 1297 qui
239 1222 365 1279 foris
409 1233 543 1278 sunt.
587 1222 730 1286 Quid
770 1222 900 1276 mihi
944 1223 1005 1278 cle
1048 1223 1114 1277 iis
1132 1264 1154 1290 2
1196 1223 1287 1294 qui
1325 1222 1456 1294 foris
1496 1234 1644 1289 sunt,
1680 1222 1834 1294 jud-i-

106 1335 259 1387 core,
302 1316 564 1391 inquiebat
606 1316 663 1374 S.
707 1315 899 1372 Paulus
950 1315 974 1373 I
1034 1316 1100 1373 ad
1161 1316 1395 1375 Corinth.
1441 1322 1513 1390 53
1555 1330 1601 1372 et
1652 1316 1835 1374 Conci-

107 1413 238 1468 lium
296 1411 653 1468 Tridentinum
713 1430 840 1469 sess,
894 1414 968 1467 14
1011 1432 1122 1488 cap.
1172 1415 1207 1466 2
1249 1412 1508 1483 declarat,
1552 1413 1835 1468 Ecclesiam

105 1507 165 1561 in
206 1506 464 1561 neminem
498 1504 769 1580 judicium
811 1524 1074 1575 mercare,
1107 1508 1199 1579 qui
1240 1525 1344 1561 non
1377 1509 1531 1582 prius
1572 1508 1629 1563 in
1670 1509 1837 1581 ipsam

97 1618 197 1675 per
237 1600 496 1674 Baptismi
532 1600 761 1675 januam
801 1601 963 1674 fuerit
1004 1602 1279 1674 inqressus,
1323 1600 1390 1658 At
1432 1623 1548 1660 vero
1592 1603 1834 1659 adversus

107 1715 214 1765 θος,
244 1697 331 1769 qui
373 1696 478 1767 jam
520 1696 574 1751 in
615 1694 899 1751 Ecclesiam
942 1699 1162 1772 cooptati
1204 1709 1337 1768 sunt,
1365 1698 1441 1752 vis
1483 1710 1530 1752 et
1563 1699 1834 1773 imperium

109 1790 344 1846 adhiberi
388 1801 550 1865 potest
592 1790 658 1845 ad
701 1809 786 1846 eos
830 1792 882 1845 in
925 1792 1089 1848 officio
1133 1793 1478 1849 continendos

190 1883 353 1958 Igitur
413 1884 457 1941 si
507 1883 793 1957 Religionis
839 1886 1140 1942 vocabulum
1185 1888 1257 1941 sic
1301 1888 1613 1961 accipiatur„
1658 1900 1709 1942 ut
1751 1907 1834 1943 eos

106 1982 382 2056 respiciat,
429 1981 515 2055 qui
558 1979 710 2036 fidem
753 1980 978 2037 nondum
1020 1993 1379 2055 susceperunt,
1422 1981 1680 2037 fatendum
1722 1995 1831 2052 est,

108 2076 361 2131 neminem
404 2079 453 2132 vi
496 2088 544 2131 et
588 2077 845 2131 coactione
889 2077 954 2133 ad
1002 2075 1283 2132 Ecclesiam
1344 2076 1629 2132 ducendum
1691 2097 1834 2147 esse9

110 2169 201 2225 sed
263 2170 402 2225 verbi
462 2171 839 2246 praedicatione
890 2181 938 2225 et
980 2172 1341 2245 persuasione,
1384 2173 1527 2242 sive,
1570 2185 1622 2227 ut
1665 2174 1735 2227 ait
1778 2171 1833 2229 S.

113 2263 405 2320 Bernardus
450 2285 601 2322 serm.
650 2270 722 2320 66
768 2268 819 2321 in
863 2260 1095 2334 Cantic.,
1129 2267 1289 2340 fide-m
1329 2268 1689 2334 suadendam„
1733 2286 1837 2320 reon

107 2359 492 2432 imperandam.
537 2358 877 2416 Veruntamen
920 2363 973 2416 in
1015 2381 1120 2432 eoS‚
1147 2364 1233 2435 qui
1275 2382 1364 2437 per
1405 2361 1725 2436 Baptismum
1769 2362 1833 2416 ad

111 2454 399 2509 societatem
442 2453 838 2510 ecclesiasticam
881 2456 1150 2530 pertinent,
1193 2455 1420 2512 Ecclesia
1463 2458 1572 2526 jure
1617 2476 1704 2511 suo
1749 2476 1837 2530 po-

112 2560 338 2603 testatem
397 2561 594 2604 exercet
652 2549 717 2604 ad
776 2551 1176 2606 conservandam
1235 2552 1515 2619 unitatem9
1560 2552 1834 2624 pictatem9

113 2642 362 2713 ordinem,
389 2644 722 2713 honestatem,
749 2643 814 2699 ad
842 2645 1002 2701 malos
1038 2645 1349 2701 cohibendos
1394 2645 1833 2718 castigandosque.

172 2842 221 2888 S.
258 2843 458 2890 Thomas
493 2846 524 2890 2
560 2846 589 2890 2
625 2860 670 2904 q.
714 2847 773 2892 10
810 2854 897 2893 art.
941 2847 991 2893 1:
1033 2845 1300 2910 Infidelium
1334 2843 1523 2907 quidam
1572 2852 1714 2903 sunt,
1764 2847 1847 2907 qui

106 2938 345 2985 nunquam
392 2934 689 2987 susceperunt
737 2927 904 2988 fidem,
954 2928 1076 2976 sicut
1115 2927 1309 2988 qentt'lcs
1343 2933 1385 2974 et
1414 2925 1585 2988 judaei
1600 2963 1616 2986 ,
1652 2933 1695 2975 ct
1730 2928 1846 2975 tales
