<?xml version="1.0" encoding="UTF-8"?>
<!DOCTYPE html PUBLIC "-//W3C//DTD XHTML 1.0 Transitional//EN"
    "http://www.w3.org/TR/xhtml1/DTD/xhtml1-transitional.dtd">
<html xmlns="http://www.w3.org/1999/xhtml" xml:lang="en" lang="en">
 <head>
  <title>
</title>
<meta http-equiv="Content-Type" content="text/html;charset=utf-8" />
  <meta name='ocr-system' content='tesseract 3.04.00' />
  <meta name='ocr-capabilities' content='ocr_page ocr_carea ocr_par ocr_line ocrx_word'/>
</head>
<body>
  <div class='ocr_page' id='page_1' title='image "./joanniscardinali00sogl_0180.png"; bbox 0 0 2114 3289; ppageno 0'>
   <div class='ocr_carea' id='block_1_1' title="bbox 320 122 1640 171">
    <p class='ocr_par' dir='ltr' id='par_1_1' title="bbox 320 122 1640 171">
     <span class='ocr_line' id='line_1_1' title="bbox 320 122 1640 171; baseline -0.004 0"><span class='ocrx_word' id='word_1_1' title='bbox 320 122 352 171; x_wconf 83' lang='grc'>6</span> <span class='ocrx_word' id='word_1_2' title='bbox 553 133 690 170; x_wconf 84' lang='lat' dir='ltr'>JURIS</span> <span class='ocrx_word' id='word_1_3' title='bbox 735 130 926 168; x_wconf 86' lang='lat' dir='ltr'>PUBLICI</span> <span class='ocrx_word' id='word_1_4' title='bbox 969 129 1332 166; x_wconf 81' lang='lat' dir='ltr'>ECGLESIASTIGI</span> <span class='ocrx_word' id='word_1_5' title='bbox 1378 129 1640 166; x_wconf 72' lang='lat' dir='ltr'>PROEMIUM</span> 
     </span>
    </p>
   </div>
   <div class='ocr_carea' id='block_1_2' title="bbox 227 229 1959 2932">
    <p class='ocr_par' dir='ltr' id='par_1_2' title="bbox 233 229 1957 778">
     <span class='ocr_line' id='line_1_2' title="bbox 316 229 1957 301; baseline -0.005 -5"><span class='ocrx_word' id='word_1_6' title='bbox 316 238 546 295; x_wconf 88' lang='lat' dir='ltr'>Primum</span> <span class='ocrx_word' id='word_1_7' title='bbox 589 247 689 292; x_wconf 88' lang='lat' dir='ltr'>est:</span> <span class='ocrx_word' id='word_1_8' title='bbox 719 232 999 290; x_wconf 84' lang='lat' dir='ltr'>Ecclesiam</span> <span class='ocrx_word' id='word_1_9' title='bbox 1025 252 1053 287; x_wconf 90' lang='lat' dir='ltr'>a</span> <span class='ocrx_word' id='word_1_10' title='bbox 1081 229 1285 288; x_wconf 86' lang='lat' dir='ltr'>Christo</span> <span class='ocrx_word' id='word_1_11' title='bbox 1313 232 1575 289; x_wconf 83' lang='lat' dir='ltr'><strong>fundatam</strong></span> <span class='ocrx_word' id='word_1_12' title='bbox 1601 235 1811 301; x_wconf 25' lang='lat' dir='ltr'>Statum·</span> <span class='ocrx_word' id='word_1_13' title='bbox 1829 251 1957 301; x_wconf 87' lang='lat' dir='ltr'>esse,</span> 
     </span>
     <span class='ocr_line' id='line_1_3' title="bbox 236 326 1955 403; baseline -0.005 -13"><span class='ocrx_word' id='word_1_14' title='bbox 236 336 341 390; x_wconf 87' lang='lat' dir='ltr'>sive</span> <span class='ocrx_word' id='word_1_15' title='bbox 383 345 438 388; x_wconf 95' lang='lat' dir='ltr'>ut</span> <span class='ocrx_word' id='word_1_16' title='bbox 480 334 620 403; x_wconf 89' lang='lat' dir='ltr'>ajunt</span> <span class='ocrx_word' id='word_1_17' title='bbox 662 327 964 385; x_wconf 72' lang='lat' dir='ltr'><em>Societatem</em></span> <span class='ocrx_word' id='word_1_18' title='bbox 1005 326 1351 397; x_wconf 72' lang='lat' dir='ltr'><em>inaequalem,</em></span> <span class='ocrx_word' id='word_1_19' title='bbox 1396 329 1448 383; x_wconf 92' lang='lat' dir='ltr'>in</span> <span class='ocrx_word' id='word_1_20' title='bbox 1491 347 1589 401; x_wconf 93' lang='lat' dir='ltr'>qua</span> <span class='ocrx_word' id='word_1_21' title='bbox 1627 326 1818 384; x_wconf 86' lang='lat' dir='ltr'>scilicet</span> <span class='ocrx_word' id='word_1_22' title='bbox 1867 326 1955 382; x_wconf 89' lang='lat' dir='ltr'>alii</span> 
     </span>
     <span class='ocr_line' id='line_1_4' title="bbox 236 419 1956 498; baseline -0.006 -13"><span class='ocrx_word' id='word_1_23' title='bbox 236 441 351 486; x_wconf 90' lang='lat' dir='ltr'>sunt</span> <span class='ocrx_word' id='word_1_24' title='bbox 392 427 505 482; x_wconf 92' lang='lat' dir='ltr'>aliis</span> <span class='ocrx_word' id='word_1_25' title='bbox 550 433 792 498; x_wconf 76' lang='lat' dir='ltr'>potestate</span> <span class='ocrx_word' id='word_1_26' title='bbox 836 433 883 476; x_wconf 94' lang='lat' dir='ltr'>et</span> <span class='ocrx_word' id='word_1_27' title='bbox 923 419 1099 477; x_wconf 87' lang='lat' dir='ltr'>ordine</span> <span class='ocrx_word' id='word_1_28' title='bbox 1144 421 1453 494; x_wconf 89' lang='lat' dir='ltr'>inaequales,</span> <span class='ocrx_word' id='word_1_29' title='bbox 1515 433 1776 496; x_wconf 89' lang='lat' dir='ltr'>propterea</span> <span class='ocrx_word' id='word_1_30' title='bbox 1819 420 1956 493; x_wconf 91' lang='lat' dir='ltr'>quod</span> 
     </span>
     <span class='ocr_line' id='line_1_5' title="bbox 236 514 1957 597; baseline -0.006 -18"><span class='ocrx_word' id='word_1_31' title='bbox 236 524 521 597; x_wconf 88' lang='lat' dir='ltr'>aliquorum</span> <span class='ocrx_word' id='word_1_32' title='bbox 563 528 637 573; x_wconf 94' lang='lat' dir='ltr'>est</span> <span class='ocrx_word' id='word_1_33' title='bbox 678 534 908 591; x_wconf 88' lang='lat' dir='ltr'>praeesse</span> <span class='ocrx_word' id='word_1_34' title='bbox 951 527 998 572; x_wconf 91' lang='lat' dir='ltr'>et</span> <span class='ocrx_word' id='word_1_35' title='bbox 1040 516 1310 590; x_wconf 88' lang='lat' dir='ltr'>imperare,</span> <span class='ocrx_word' id='word_1_36' title='bbox 1355 514 1570 571; x_wconf 89' lang='lat' dir='ltr'>aliorum</span> <span class='ocrx_word' id='word_1_37' title='bbox 1614 534 1730 571; x_wconf 84' lang='lat' dir='ltr'>vero</span> <span class='ocrx_word' id='word_1_38' title='bbox 1763 515 1957 570; x_wconf 84' lang='lat' dir='ltr'>obtem-</span> 
     </span>
     <span class='ocr_line' id='line_1_6' title="bbox 234 609 1955 692; baseline -0.005 -20"><span class='ocrx_word' id='word_1_39' title='bbox 234 635 410 692; x_wconf 84' lang='lat' dir='ltr'>perare</span> <span class='ocrx_word' id='word_1_40' title='bbox 451 625 497 669; x_wconf 90' lang='lat' dir='ltr'>et</span> <span class='ocrx_word' id='word_1_41' title='bbox 539 611 790 683; x_wconf 88' lang='lat' dir='ltr'>subjectos</span> <span class='ocrx_word' id='word_1_42' title='bbox 833 629 962 680; x_wconf 89' lang='lat' dir='ltr'>esse,</span> <span class='ocrx_word' id='word_1_43' title='bbox 1004 628 1213 683; x_wconf 89' lang='lat' dir='ltr'>eamque</span> <span class='ocrx_word' id='word_1_44' title='bbox 1257 629 1284 665; x_wconf 88' lang='lat' dir='ltr'>a</span> <span class='ocrx_word' id='word_1_45' title='bbox 1313 609 1452 664; x_wconf 86' lang='lat' dir='ltr'>civili</span> <span class='ocrx_word' id='word_1_46' title='bbox 1487 609 1722 664; x_wconf 89' lang='lat' dir='ltr'>societate</span> <span class='ocrx_word' id='word_1_47' title='bbox 1749 609 1955 665; x_wconf 87' lang='lat' dir='ltr'>omnino</span> 
     </span>
     <span class='ocr_line' id='line_1_7' title="bbox 233 701 1674 778; baseline -0.004 -13"><span class='ocrx_word' id='word_1_48' title='bbox 233 711 524 766; x_wconf 80' lang='lat' dir='ltr'>distinctam</span> <span class='ocrx_word' id='word_1_49' title='bbox 565 725 693 775; x_wconf 91' lang='lat' dir='ltr'>esse,</span> <span class='ocrx_word' id='word_1_50' title='bbox 737 705 801 760; x_wconf 89' lang='lat' dir='ltr'>ab</span> <span class='ocrx_word' id='word_1_51' title='bbox 844 723 1000 778; x_wconf 90' lang='lat' dir='ltr'>eaque</span> <span class='ocrx_word' id='word_1_52' title='bbox 1043 705 1252 760; x_wconf 88' lang='lat' dir='ltr'>minime</span> <span class='ocrx_word' id='word_1_53' title='bbox 1295 701 1674 778; x_wconf 86' lang='lat' dir='ltr'>dependentem.</span> 
     </span>
    </p>

    <p class='ocr_par' dir='ltr' id='par_1_3' title="bbox 233 795 1957 1066">
     <span class='ocr_line' id='line_1_8' title="bbox 312 795 1956 872; baseline -0.004 -14"><span class='ocrx_word' id='word_1_54' title='bbox 312 801 540 858; x_wconf 87' lang='lat' dir='ltr'>Alterum</span> <span class='ocrx_word' id='word_1_55' title='bbox 582 812 672 856; x_wconf 89' lang='lat' dir='ltr'>est:</span> <span class='ocrx_word' id='word_1_56' title='bbox 717 798 1128 854; x_wconf 86' lang='lat' dir='ltr'>Ecclesiasticam</span> <span class='ocrx_word' id='word_1_57' title='bbox 1170 808 1465 872; x_wconf 86' lang='lat' dir='ltr'>potestatem</span> <span class='ocrx_word' id='word_1_58' title='bbox 1511 816 1610 852; x_wconf 90' lang='lat' dir='ltr'>non</span> <span class='ocrx_word' id='word_1_59' title='bbox 1654 798 1742 853; x_wconf 92' lang='lat' dir='ltr'>toti</span> <span class='ocrx_word' id='word_1_60' title='bbox 1782 795 1956 852; x_wconf 89' lang='lat' dir='ltr'>Eccle-</span> 
     </span>
     <span class='ocr_line' id='line_1_9' title="bbox 233 891 1957 965; baseline -0.005 -10"><span class='ocrx_word' id='word_1_61' title='bbox 233 899 337 955; x_wconf 84' lang='lat' dir='ltr'>siae</span> <span class='ocrx_word' id='word_1_62' title='bbox 378 917 406 953; x_wconf 95' lang='lat' dir='ltr'>a</span> <span class='ocrx_word' id='word_1_63' title='bbox 451 894 657 952; x_wconf 89' lang='lat' dir='ltr'>Christo</span> <span class='ocrx_word' id='word_1_64' title='bbox 701 893 960 962; x_wconf 84' lang='lat' dir='ltr'>traditam,</span> <span class='ocrx_word' id='word_1_65' title='bbox 1003 891 1092 947; x_wconf 91' lang='lat' dir='ltr'>sed</span> <span class='ocrx_word' id='word_1_66' title='bbox 1119 893 1267 947; x_wconf 85' lang='lat' dir='ltr'>certis</span> <span class='ocrx_word' id='word_1_67' title='bbox 1295 891 1670 964; x_wconf 81' lang='lat' dir='ltr'>designatisque</span> <span class='ocrx_word' id='word_1_68' title='bbox 1706 892 1957 965; x_wconf 78' lang='lat' dir='ltr'>personiS,</span> 
     </span>
     <span class='ocr_line' id='line_1_10' title="bbox 234 984 1801 1066; baseline -0.004 -18"><span class='ocrx_word' id='word_1_69' title='bbox 234 1010 409 1066; x_wconf 85' lang='lat' dir='ltr'>nempe</span> <span class='ocrx_word' id='word_1_70' title='bbox 451 989 623 1059; x_wconf 82' lang='lat' dir='ltr'>PetrO,</span> <span class='ocrx_word' id='word_1_71' title='bbox 666 1000 711 1044; x_wconf 90' lang='lat' dir='ltr'>et</span> <span class='ocrx_word' id='word_1_72' title='bbox 755 985 1033 1062; x_wconf 67' lang='lat' dir='ltr'>Apos&#39;tolis,</span> <span class='ocrx_word' id='word_1_73' title='bbox 1077 1004 1347 1059; x_wconf 85' lang='lat' dir='ltr'>eorumque</span> <span class='ocrx_word' id='word_1_74' title='bbox 1395 984 1801 1041; x_wconf 78' lang='lat' dir='ltr'>SuccessoribuS.</span> 
     </span>
    </p>

    <p class='ocr_par' dir='ltr' id='par_1_4' title="bbox 229 1080 1955 1350">
     <span class='ocr_line' id='line_1_11' title="bbox 311 1080 1955 1156; baseline -0.006 -14"><span class='ocrx_word' id='word_1_75' title='bbox 311 1085 541 1142; x_wconf 86' lang='lat' dir='ltr'>Tertium</span> <span class='ocrx_word' id='word_1_76' title='bbox 585 1084 799 1156; x_wconf 91' lang='lat' dir='ltr'>denique</span> <span class='ocrx_word' id='word_1_77' title='bbox 840 1093 931 1136; x_wconf 90' lang='lat' dir='ltr'>est:</span> <span class='ocrx_word' id='word_1_78' title='bbox 976 1080 1155 1136; x_wconf 87' lang='lat' dir='ltr'>Eidem</span> <span class='ocrx_word' id='word_1_79' title='bbox 1198 1081 1432 1155; x_wconf 80' lang='lat' dir='ltr'>potestati</span> <span class='ocrx_word' id='word_1_80' title='bbox 1475 1099 1532 1134; x_wconf 90' lang='lat' dir='ltr'>ea</span> <span class='ocrx_word' id='word_1_81' title='bbox 1576 1081 1744 1135; x_wconf 88' lang='lat' dir='ltr'>omnia</span> <span class='ocrx_word' id='word_1_82' title='bbox 1782 1080 1955 1134; x_wconf 89' lang='lat' dir='ltr'>divino</span> 
     </span>
     <span class='ocr_line' id='line_1_12' title="bbox 229 1173 1955 1254; baseline -0.005 -17"><span class='ocrx_word' id='word_1_83' title='bbox 229 1183 341 1254; x_wconf 79' lang='lat' dir='ltr'>jure</span> <span class='ocrx_word' id='word_1_84' title='bbox 382 1180 604 1237; x_wconf 80' lang='lat' dir='ltr'>obnoxia</span> <span class='ocrx_word' id='word_1_85' title='bbox 646 1196 775 1247; x_wconf 91' lang='lat' dir='ltr'>esse,</span> <span class='ocrx_word' id='word_1_86' title='bbox 825 1195 952 1252; x_wconf 90' lang='lat' dir='ltr'>quae</span> <span class='ocrx_word' id='word_1_87' title='bbox 1015 1175 1080 1231; x_wconf 90' lang='lat' dir='ltr'>ad</span> <span class='ocrx_word' id='word_1_88' title='bbox 1143 1175 1329 1230; x_wconf 86' lang='lat' dir='ltr'>cultum</span> <span class='ocrx_word' id='word_1_89' title='bbox 1387 1173 1504 1243; x_wconf 89' lang='lat' dir='ltr'>Dei,</span> <span class='ocrx_word' id='word_1_90' title='bbox 1564 1186 1611 1229; x_wconf 93' lang='lat' dir='ltr'>et</span> <span class='ocrx_word' id='word_1_91' title='bbox 1671 1175 1955 1229; x_wconf 82' lang='lat' dir='ltr'>animarum</span> 
     </span>
     <span class='ocr_line' id='line_1_13' title="bbox 232 1274 756 1350; baseline -0.011 -18"><span class='ocrx_word' id='word_1_92' title='bbox 232 1275 444 1332; x_wconf 88' lang='lat' dir='ltr'>salutem</span> <span class='ocrx_word' id='word_1_93' title='bbox 488 1274 756 1350; x_wconf 83' lang='lat' dir='ltr'>pertinent.</span> 
     </span>
    </p>

    <p class='ocr_par' dir='ltr' id='par_1_5' title="bbox 230 1362 1955 1531">
     <span class='ocr_line' id='line_1_14' title="bbox 313 1362 1955 1438; baseline -0.003 -14"><span class='ocrx_word' id='word_1_94' title='bbox 313 1368 503 1426; x_wconf 88' lang='lat' dir='ltr'>Verum</span> <span class='ocrx_word' id='word_1_95' title='bbox 544 1368 668 1423; x_wconf 88' lang='lat' dir='ltr'>haec</span> <span class='ocrx_word' id='word_1_96' title='bbox 710 1367 806 1422; x_wconf 89' lang='lat' dir='ltr'>tria</span> <span class='ocrx_word' id='word_1_97' title='bbox 833 1364 1113 1421; x_wconf 87' lang='lat' dir='ltr'>catholicae</span> <span class='ocrx_word' id='word_1_98' title='bbox 1139 1363 1399 1421; x_wconf 86' lang='lat' dir='ltr'>doctrinae</span> <span class='ocrx_word' id='word_1_99' title='bbox 1437 1365 1602 1438; x_wconf 90' lang='lat' dir='ltr'>capita</span> <span class='ocrx_word' id='word_1_100' title='bbox 1634 1362 1955 1420; x_wconf 86' lang='lat' dir='ltr'>adversarios</span> 
     </span>
     <span class='ocr_line' id='line_1_15' title="bbox 230 1457 1640 1531; baseline -0.001 -13"><span class='ocrx_word' id='word_1_101' title='bbox 230 1463 419 1520; x_wconf 90' lang='lat' dir='ltr'>habent</span> <span class='ocrx_word' id='word_1_102' title='bbox 459 1461 822 1531; x_wconf 88' lang='lat' dir='ltr'>Protestantes,</span> <span class='ocrx_word' id='word_1_103' title='bbox 864 1458 1202 1529; x_wconf 79' lang='lat' dir='ltr'>RicheristaS,</span> <span class='ocrx_word' id='word_1_104' title='bbox 1244 1471 1292 1514; x_wconf 88' lang='lat' dir='ltr'>et</span> <span class='ocrx_word' id='word_1_105' title='bbox 1333 1457 1640 1529; x_wconf 81' lang='lat' dir='ltr'>Regalistas.</span> 
     </span>
    </p>

    <p class='ocr_par' dir='ltr' id='par_1_6' title="bbox 227 1550 1959 2477">
     <span class='ocr_line' id='line_1_16' title="bbox 309 1550 1955 1622; baseline -0.004 -10"><span class='ocrx_word' id='word_1_106' title='bbox 309 1555 651 1614; x_wconf 90' lang='lat' dir='ltr'>Protestantes</span> <span class='ocrx_word' id='word_1_107' title='bbox 695 1553 1018 1622; x_wconf 86' lang='lat' dir='ltr'>contendunt,</span> <span class='ocrx_word' id='word_1_108' title='bbox 1047 1550 1308 1608; x_wconf 82' lang='lat' dir='ltr'>Christum</span> <span class='ocrx_word' id='word_1_109' title='bbox 1335 1551 1591 1608; x_wconf 86' lang='lat' dir='ltr'>Ecclesiae</span> <span class='ocrx_word' id='word_1_110' title='bbox 1618 1571 1737 1608; x_wconf 88' lang='lat' dir='ltr'>suae</span> <span class='ocrx_word' id='word_1_111' title='bbox 1764 1550 1955 1607; x_wconf 90' lang='lat' dir='ltr'>nullam</span> 
     </span>
     <span class='ocr_line' id='line_1_17' title="bbox 228 1645 1959 1727; baseline -0.005 -19"><span class='ocrx_word' id='word_1_112' title='bbox 228 1649 516 1727; x_wconf 85' lang='lat' dir='ltr'>imperandi</span> <span class='ocrx_word' id='word_1_113' title='bbox 574 1660 870 1723; x_wconf 86' lang='lat' dir='ltr'>potestatem</span> <span class='ocrx_word' id='word_1_114' title='bbox 929 1646 1150 1715; x_wconf 78' lang='lat' dir='ltr'>dedisse,</span> <span class='ocrx_word' id='word_1_115' title='bbox 1201 1645 1289 1701; x_wconf 90' lang='lat' dir='ltr'>sed</span> <span class='ocrx_word' id='word_1_116' title='bbox 1333 1665 1444 1701; x_wconf 89' lang='lat' dir='ltr'>eam</span> <span class='ocrx_word' id='word_1_117' title='bbox 1505 1645 1744 1701; x_wconf 83' lang='lat' dir='ltr'>fundasse</span> <span class='ocrx_word' id='word_1_118' title='bbox 1797 1647 1959 1702; x_wconf 88' lang='lat' dir='ltr'>instar</span> 
     </span>
     <span class='ocr_line' id='line_1_18' title="bbox 231 1738 1957 1818; baseline -0.005 -17"><span class='ocrx_word' id='word_1_119' title='bbox 231 1744 466 1818; x_wconf 64' lang='lat' dir='ltr'>Collegit,</span> <span class='ocrx_word' id='word_1_120' title='bbox 510 1762 617 1813; x_wconf 88' lang='lat' dir='ltr'>seu,</span> <span class='ocrx_word' id='word_1_121' title='bbox 660 1741 912 1796; x_wconf 77' lang='lat' dir='ltr'>societatis</span> <span class='ocrx_word' id='word_1_122' title='bbox 954 1739 1206 1812; x_wconf 79' lang='lat' dir='ltr'>aequaliS,</span> <span class='ocrx_word' id='word_1_123' title='bbox 1249 1742 1301 1796; x_wconf 89' lang='lat' dir='ltr'>in</span> <span class='ocrx_word' id='word_1_124' title='bbox 1345 1759 1443 1814; x_wconf 92' lang='lat' dir='ltr'>qua</span> <span class='ocrx_word' id='word_1_125' title='bbox 1471 1738 1609 1796; x_wconf 86' lang='lat' dir='ltr'>Socii</span> <span class='ocrx_word' id='word_1_126' title='bbox 1643 1759 1815 1795; x_wconf 87' lang='lat' dir='ltr'>omnes</span> <span class='ocrx_word' id='word_1_127' title='bbox 1842 1751 1957 1795; x_wconf 88' lang='lat' dir='ltr'>sunt</span> 
     </span>
     <span class='ocr_line' id='line_1_19' title="bbox 227 1834 1958 1914; baseline -0.005 -17"><span class='ocrx_word' id='word_1_128' title='bbox 227 1841 360 1897; x_wconf 87' lang='lat' dir='ltr'>inter</span> <span class='ocrx_word' id='word_1_129' title='bbox 399 1858 451 1896; x_wconf 90' lang='lat' dir='ltr'>se</span> <span class='ocrx_word' id='word_1_130' title='bbox 492 1857 639 1914; x_wconf 86' lang='lat' dir='ltr'>pares</span> <span class='ocrx_word' id='word_1_131' title='bbox 701 1847 749 1891; x_wconf 91' lang='lat' dir='ltr'>et</span> <span class='ocrx_word' id='word_1_132' title='bbox 803 1835 1058 1909; x_wconf 77' lang='lat' dir='ltr'>aequales,</span> <span class='ocrx_word' id='word_1_133' title='bbox 1104 1846 1347 1908; x_wconf 87' lang='lat' dir='ltr'>quatenus</span> <span class='ocrx_word' id='word_1_134' title='bbox 1391 1853 1535 1891; x_wconf 91' lang='lat' dir='ltr'>nemo</span> <span class='ocrx_word' id='word_1_135' title='bbox 1564 1834 1708 1889; x_wconf 88' lang='lat' dir='ltr'>alteri</span> <span class='ocrx_word' id='word_1_136' title='bbox 1734 1845 1958 1908; x_wconf 80' lang='lat' dir='ltr'>praestat</span> 
     </span>
     <span class='ocr_line' id='line_1_20' title="bbox 229 1926 1954 2011; baseline -0.005 -20"><span class='ocrx_word' id='word_1_137' title='bbox 229 1935 444 2011; x_wconf 87' lang='lat' dir='ltr'>imperio</span> <span class='ocrx_word' id='word_1_138' title='bbox 487 1945 534 1989; x_wconf 88' lang='lat' dir='ltr'>et</span> <span class='ocrx_word' id='word_1_139' title='bbox 575 1943 848 2008; x_wconf 76' lang='lat' dir='ltr'>potestate,</span> <span class='ocrx_word' id='word_1_140' title='bbox 891 1929 1202 2005; x_wconf 87' lang='lat' dir='ltr'>proindeque</span> <span class='ocrx_word' id='word_1_141' title='bbox 1244 1927 1555 1998; x_wconf 89' lang='lat' dir='ltr'>Ecclesiam,</span> <span class='ocrx_word' id='word_1_142' title='bbox 1605 1930 1676 1984; x_wconf 91' lang='lat' dir='ltr'>uti</span> <span class='ocrx_word' id='word_1_143' title='bbox 1726 1926 1954 2000; x_wconf 86' lang='lat' dir='ltr'>Collegia</span> 
     </span>
     <span class='ocr_line' id='line_1_21' title="bbox 230 2022 1954 2098; baseline -0.004 -13"><span class='ocrx_word' id='word_1_144' title='bbox 230 2040 278 2084; x_wconf 87' lang='lat' dir='ltr'>et</span> <span class='ocrx_word' id='word_1_145' title='bbox 320 2040 539 2085; x_wconf 88' lang='lat' dir='ltr'>caeteras</span> <span class='ocrx_word' id='word_1_146' title='bbox 584 2027 844 2083; x_wconf 85' lang='lat' dir='ltr'>societates</span> <span class='ocrx_word' id='word_1_147' title='bbox 889 2024 1143 2098; x_wconf 74' lang='lat' dir='ltr'>aequaleS,</span> <span class='ocrx_word' id='word_1_148' title='bbox 1188 2042 1335 2098; x_wconf 88' lang='lat' dir='ltr'>posse</span> <span class='ocrx_word' id='word_1_149' title='bbox 1388 2025 1644 2097; x_wconf 85' lang='lat' dir='ltr'>pactiones</span> <span class='ocrx_word' id='word_1_150' title='bbox 1704 2022 1954 2096; x_wconf 85' lang='lat' dir='ltr'>quasdam</span> 
     </span>
     <span class='ocr_line' id='line_1_22' title="bbox 230 2118 1952 2193; baseline -0.004 -14"><span class='ocrx_word' id='word_1_151' title='bbox 230 2123 380 2193; x_wconf 89' lang='lat' dir='ltr'>inire,</span> <span class='ocrx_word' id='word_1_152' title='bbox 423 2133 604 2178; x_wconf 89' lang='lat' dir='ltr'>statuta</span> <span class='ocrx_word' id='word_1_153' title='bbox 649 2119 883 2189; x_wconf 85' lang='lat' dir='ltr'>condere,</span> <span class='ocrx_word' id='word_1_154' title='bbox 925 2118 1124 2189; x_wconf 86' lang='lat' dir='ltr'>docere,</span> <span class='ocrx_word' id='word_1_155' title='bbox 1187 2136 1408 2188; x_wconf 87' lang='lat' dir='ltr'>monere,</span> <span class='ocrx_word' id='word_1_156' title='bbox 1470 2136 1569 2174; x_wconf 89' lang='lat' dir='ltr'>nou</span> <span class='ocrx_word' id='word_1_157' title='bbox 1632 2137 1748 2173; x_wconf 86' lang='lat' dir='ltr'>vero</span> <span class='ocrx_word' id='word_1_158' title='bbox 1818 2118 1952 2189; x_wconf 78' lang='lat' dir='ltr'>leges</span> 
     </span>
     <span class='ocr_line' id='line_1_23' title="bbox 231 2212 1953 2288; baseline -0.004 -16"><span class='ocrx_word' id='word_1_159' title='bbox 231 2216 381 2287; x_wconf 84' lang='lat' dir='ltr'>ferre,</span> <span class='ocrx_word' id='word_1_160' title='bbox 421 2217 502 2288; x_wconf 84' lang='lat' dir='ltr'>jus</span> <span class='ocrx_word' id='word_1_161' title='bbox 545 2214 733 2283; x_wconf 86' lang='lat' dir='ltr'>dicere,</span> <span class='ocrx_word' id='word_1_162' title='bbox 781 2212 1135 2282; x_wconf 85' lang='lat' dir='ltr'>condemnare,</span> <span class='ocrx_word' id='word_1_163' title='bbox 1178 2214 1376 2287; x_wconf 69' lang='lat' dir='ltr'>punire,</span> <span class='ocrx_word' id='word_1_164' title='bbox 1419 2223 1467 2267; x_wconf 88' lang='lat' dir='ltr'>et</span> <span class='ocrx_word' id='word_1_165' title='bbox 1507 2223 1764 2286; x_wconf 79' lang='lat' dir='ltr'>praeterea</span> <span class='ocrx_word' id='word_1_166' title='bbox 1816 2212 1953 2266; x_wconf 86' lang='lat' dir='ltr'>illius</span> 
     </span>
     <span class='ocr_line' id='line_1_24' title="bbox 231 2307 1954 2384; baseline -0.003 -18"><span class='ocrx_word' id='word_1_167' title='bbox 231 2308 487 2384; x_wconf 85' lang='lat' dir='ltr'>Principis</span> <span class='ocrx_word' id='word_1_168' title='bbox 530 2309 581 2364; x_wconf 91' lang='lat' dir='ltr'>in</span> <span class='ocrx_word' id='word_1_169' title='bbox 624 2308 766 2377; x_wconf 88' lang='lat' dir='ltr'>cujus</span> <span class='ocrx_word' id='word_1_170' title='bbox 809 2307 1063 2363; x_wconf 84' lang='lat' dir='ltr'>territorio</span> <span class='ocrx_word' id='word_1_171' title='bbox 1107 2319 1218 2377; x_wconf 88' lang='lat' dir='ltr'>est,</span> <span class='ocrx_word' id='word_1_172' title='bbox 1261 2325 1458 2363; x_wconf 86' lang='lat' dir='ltr'>summo</span> <span class='ocrx_word' id='word_1_173' title='bbox 1517 2307 1731 2379; x_wconf 83' lang='lat' dir='ltr'>imperio</span> <span class='ocrx_word' id='word_1_174' title='bbox 1789 2317 1954 2379; x_wconf 88' lang='lat' dir='ltr'>potes-</span> 
     </span>
     <span class='ocr_line' id='line_1_25' title="bbox 230 2402 907 2477; baseline -0.004 -17"><span class='ocrx_word' id='word_1_175' title='bbox 230 2406 419 2477; x_wconf 90' lang='lat' dir='ltr'>tatique</span> <span class='ocrx_word' id='word_1_176' title='bbox 461 2402 739 2473; x_wconf 83' lang='lat' dir='ltr'>subjectam</span> <span class='ocrx_word' id='word_1_177' title='bbox 782 2419 907 2457; x_wconf 90' lang='lat' dir='ltr'>esse.</span> 
     </span>
    </p>

    <p class='ocr_par' dir='ltr' id='par_1_7' title="bbox 233 2492 1952 2932">
     <span class='ocr_line' id='line_1_26' title="bbox 309 2492 1950 2567; baseline -0.005 -14"><span class='ocrx_word' id='word_1_178' title='bbox 309 2496 629 2553; x_wconf 88' lang='lat' dir='ltr'>Richeristae</span> <span class='ocrx_word' id='word_1_179' title='bbox 671 2513 770 2551; x_wconf 88' lang='lat' dir='ltr'>non</span> <span class='ocrx_word' id='word_1_180' title='bbox 813 2513 969 2567; x_wconf 90' lang='lat' dir='ltr'>usque</span> <span class='ocrx_word' id='word_1_181' title='bbox 995 2513 1052 2549; x_wconf 92' lang='lat' dir='ltr'>eo</span> <span class='ocrx_word' id='word_1_182' title='bbox 1080 2492 1361 2549; x_wconf 87' lang='lat' dir='ltr'>Ecclesiam</span> <span class='ocrx_word' id='word_1_183' title='bbox 1398 2493 1704 2567; x_wconf 87' lang='lat' dir='ltr'>deprimunt,</span> <span class='ocrx_word' id='word_1_184' title='bbox 1732 2505 1950 2548; x_wconf 89' lang='lat' dir='ltr'>attamen</span> 
     </span>
     <span class='ocr_line' id='line_1_27' title="bbox 233 2587 1951 2664; baseline -0.005 -15"><span class='ocrx_word' id='word_1_185' title='bbox 233 2611 519 2649; x_wconf 86' lang='lat' dir='ltr'>asseverare</span> <span class='ocrx_word' id='word_1_186' title='bbox 563 2609 661 2647; x_wconf 90' lang='lat' dir='ltr'>non</span> <span class='ocrx_word' id='word_1_187' title='bbox 704 2590 955 2661; x_wconf 85' lang='lat' dir='ltr'>dubitant,</span> <span class='ocrx_word' id='word_1_188' title='bbox 982 2601 1275 2664; x_wconf 84' lang='lat' dir='ltr'>potestatem</span> <span class='ocrx_word' id='word_1_189' title='bbox 1304 2589 1508 2660; x_wconf 83' lang='lat' dir='ltr'>regendi</span> <span class='ocrx_word' id='word_1_190' title='bbox 1536 2587 1951 2660; x_wconf 81' lang='lat' dir='ltr'>gubernandique</span> 
     </span>
     <span class='ocr_line' id='line_1_28' title="bbox 233 2683 1952 2760; baseline -0.004 -17"><span class='ocrx_word' id='word_1_191' title='bbox 233 2708 331 2743; x_wconf 90' lang='lat' dir='ltr'>non</span> <span class='ocrx_word' id='word_1_192' title='bbox 374 2686 546 2756; x_wconf 85' lang='lat' dir='ltr'>PetrO,</span> <span class='ocrx_word' id='word_1_193' title='bbox 588 2697 636 2741; x_wconf 90' lang='lat' dir='ltr'>et</span> <span class='ocrx_word' id='word_1_194' title='bbox 677 2683 956 2760; x_wconf 81' lang='lat' dir='ltr'>ApostoliS,</span> <span class='ocrx_word' id='word_1_195' title='bbox 983 2704 1254 2758; x_wconf 88' lang='lat' dir='ltr'>eorumque</span> <span class='ocrx_word' id='word_1_196' title='bbox 1281 2683 1688 2753; x_wconf 87' lang='lat' dir='ltr'>Successoribus,</span> <span class='ocrx_word' id='word_1_197' title='bbox 1727 2683 1952 2755; x_wconf 84' lang='lat' dir='ltr'>adeoque</span> 
     </span>
     <span class='ocr_line' id='line_1_29' title="bbox 233 2778 1948 2854; baseline -0.003 -17"><span class='ocrx_word' id='word_1_198' title='bbox 233 2802 322 2837; x_wconf 88' lang='lat' dir='ltr'>nec</span> <span class='ocrx_word' id='word_1_199' title='bbox 365 2779 602 2838; x_wconf 88' lang='lat' dir='ltr'>Pontifici</span> <span class='ocrx_word' id='word_1_200' title='bbox 645 2794 692 2836; x_wconf 91' lang='lat' dir='ltr'>et</span> <span class='ocrx_word' id='word_1_201' title='bbox 734 2779 1018 2854; x_wconf 74' lang='lat' dir='ltr'>EpiscopiS,</span> <span class='ocrx_word' id='word_1_202' title='bbox 1047 2779 1133 2836; x_wconf 91' lang='lat' dir='ltr'>sed</span> <span class='ocrx_word' id='word_1_203' title='bbox 1178 2780 1409 2835; x_wconf 89' lang='lat' dir='ltr'>universo</span> <span class='ocrx_word' id='word_1_204' title='bbox 1453 2778 1637 2852; x_wconf 86' lang='lat' dir='ltr'>populo</span> <span class='ocrx_word' id='word_1_205' title='bbox 1673 2778 1948 2834; x_wconf 86' lang='lat' dir='ltr'>christiano</span> 
     </span>
     <span class='ocr_line' id='line_1_30' title="bbox 235 2875 856 2932; baseline 0 -2"><span class='ocrx_word' id='word_1_206' title='bbox 235 2877 474 2932; x_wconf 84' lang='lat' dir='ltr'>divinitus</span> <span class='ocrx_word' id='word_1_207' title='bbox 520 2875 688 2930; x_wconf 87' lang='lat' dir='ltr'>datam</span> <span class='ocrx_word' id='word_1_208' title='bbox 734 2894 856 2930; x_wconf 82' lang='lat' dir='ltr'>esse.</span> 
     </span>
    </p>
   </div>
  </div>
 </body>
</html>
