2114 3289
638 276 1333 399 PRAENOTIONES

292 553 435 633 IN
509 551 758 632 JUS
835 549 1674 630 GANONIGUM

763 778 1194 806 ——QQQ—-Jaew—

838 945 1022 1048 Caput
1082 943 1122 1028 Ι.

378 1154 469 1210 DE
510 1152 688 1210 JURE
729 1150 1103 1210 CANONICO
1146 1150 1570 1208 GENERATIM

898 1354 942 1430 g,
1010 1362 1058 1413 1.

556 1496 629 1542 DE
667 1495 893 1542 NOMINE
931 1494 1090 1541 JURIS
1126 1495 1401 1541 CANONICI

199 1686 375 1745 Canon
416 1707 598 1760 graeca
642 1707 741 1744 vox
781 1699 874 1757 est,
917 1705 1044 1760 quae
1086 1687 1288 1761 proprie
1331 1685 1535 1742 denotat
1577 1705 1830 1757 normam,

119 1802 207 1839 seu
249 1783 512 1855 regulam,
555 1802 655 1857 qua
696 1783 857 1838 lineae
898 1783 950 1837 in
993 1782 1300 1838 mechanicis
1352 1780 1543 1836 artibus
1604 1781 1835 1853 dirigun-

120 1889 217 1934 tur.
279 1874 346 1933 At
387 1876 704 1952 Scriptorum
745 1896 840 1932 usu
881 1896 938 1932 ea
982 1895 1081 1932 vox
1124 1876 1365 1931 translata
1408 1888 1481 1931 est
1524 1875 1588 1931 ad
1640 1877 1838 1946 regulas

121 1990 356 2042 morum,
399 1972 631 2046 legesque
680 1970 1079 2043 significandas3
1123 1970 1451 2043 quamobrem
1494 1967 1553 2026 L.
1605 1973 1627 2024 1
1680 1970 1731 2026 ff.
1777 1971 1839 2025 de

118 2066 273 2137 legib.
325 2067 601 2138 generatim
651 2066 733 2122 lex
776 2065 1013 2121 definitur
1056 2068 1230 2120 Canon
1271 2081 1358 2118 seu
1398 2064 1580 2136 regula
1616 2064 1751 2139 justi
1794 2076 1839 2120 et

119 2160 327 2235 injusti.
389 2160 677 2217 Modestum
731 2161 825 2217 hoc
879 2158 1100 2216 Canonis
1141 2179 1321 2217 nomen
1367 2159 1592 2216 Ecclesia
1637 2179 1836 2233 quoque

119 2255 400 2330 adoptavit,
435 2268 487 2311 ut
535 2255 672 2326 fidei,
715 2274 933 2325 morum,
977 2266 1023 2309 et
1067 2254 1365 2329 disciplinae
1406 2255 1539 2326 leges
1582 2255 1838 2326 significa-

119 2362 230 2421 ret3
273 2353 394 2425 quin
437 2362 484 2406 et
524 2349 795 2426 Apostolus
838 2351 946 2425 ipse
989 2369 1088 2406 non
1132 2350 1283 2404 semel
1327 2351 1378 2405 in
1422 2349 1596 2404 eadem
1639 2349 1834 2419 signifi-

118 2446 312 2502 catione
372 2464 553 2502 nomen
613 2444 834 2501 Canonis
885 2446 1162 2519 usurpavit.
1225 2443 1356 2499 Hinc
1400 2444 1586 2499 factum
1629 2455 1738 2512 est,
1783 2455 1834 2497 ut

116 2539 237 2596 libri
290 2541 469 2597 veteris
513 2542 727 2614 novique
771 2541 1079 2609 testamenti,
1124 2541 1211 2613 qui
1254 2539 1496 2594 divinitus
1541 2538 1684 2593 datas
1728 2556 1834 2592 cre-

119 2633 271 2690 dendi
331 2634 611 2707 agendique
670 2635 868 2705 regulas
914 2636 1194 2703 continent,
1239 2632 1485 2688 Canonici
1528 2632 1649 2687 dicti
1692 2632 1831 2701 siut3

119 2739 165 2782 et
212 2727 467 2785 Ecclesiae
518 2727 948 2798 ConstittitioneS‚
992 2728 1174 2803 quibus
1235 2728 1353 2783 fidei
1413 2744 1709 2798 morumque
1754 2745 1830 2780 re-

119 2822 264 2891 gulae
315 2824 648 2897 explicantul‘,
693 2823 769 2879 vel
811 2842 969 2880 novae
1011 2823 1309 2897 disciplinae
1350 2821 1483 2891 leges
1527 2819 1828 2888 conduntur,

121 2916 394 2973 universim
449 2921 674 2974 Canoncs
717 2917 998 2974 audierunt.
1062 2916 1124 2972 Et
1166 2934 1471 2988 quamquam
1515 2913 1646 2986 apud
1694 2912 1828 2968 Scri-

1360 3013 1390 3047 o

1360 3049 1387 3062 ,ιι
