2114 3289
504 112 547 187 §-
578 135 683 171 v111.
717 133 776 168 DE
808 134 988 171 pomus
1017 132 1410 171 ecctsssmsrmls
1671 118 1734 168 31

96 233 238 281 clesia
286 234 399 283 solet
434 248 650 282 eccercere
666 270 684 294 ,
722 242 764 283 et
800 235 971 298 eccequi
1006 234 1124 283 hanc
1152 239 1429 297 potestatem
1456 246 1543 296 per
1569 230 1756 294 judices
1790 241 1833 282 et

94 314 340 362 ministros
370 314 722 374 ecclesiasticos,
749 315 826 363 sed
860 316 1024 374 laicos,
1051 323 1093 363 et
1127 315 1360 364 mediante
1394 328 1551 363 eorum
1585 315 1832 376 temporali

86 403 336 458 potestate,
360 398 473 460 quia
507 397 559 445 icl
593 397 830 447 decentius
865 406 951 459 est,
977 407 1019 447 et
1048 400 1224 462 pietati
1258 398 1491 447 Ecclesiae
1524 396 1829 459 conformius⁴²

160 479 310 526 Nimis
345 481 538 540 longum
577 489 700 528 esset
735 495 818 540 pro
854 482 1089 541 gravitate
1127 483 1196 529 rei
1232 482 1287 527 de
1323 481 1409 527 hac
1433 480 1710 539 quaestione
1733 480 1832 525 dis-

93 571 263 606 serere.
301 561 617 609 Veruntamen
657 563 891 609 sententia
928 563 1057 621 prior
1092 563 1244 621 magis
1278 561 1520 608 Ecclesiae
1556 567 1833 607 mansuetu-

89 639 190 685 dini
240 649 558 689 consentanea
603 643 803 690 videtur.
852 643 1104 701 Sequimur
1138 643 1335 702 proinde
1372 653 1533 688 eorum
1567 639 1830 699 judicium,

93 722 175 779 qui
210 723 499 780 corporalem
534 724 742 783 gladium
779 725 836 770 ab
872 723 1085 771 Ecclesia
1120 729 1388 778 removent,
1427 735 1519 780 quo
1554 722 1627 768 vel
1663 735 1831 781 corpus

93 802 366 860 perimitur,
404 811 484 852 aut
518 806 712 864 sanguis
748 804 976 851 funditur.
1023 805 1247 851 Nicolaus
1282 802 1498 862 pontifex
1532 803 1701 848 Albino
1745 804 1833 849 Ar—

91 882 395 944 chiepiscopo
431 898 535 931 can.
572 885 698 932 inter
731 885 841 932 haec
877 899 1005 933 caus.
1043 884 1104 930 33
1142 897 1186 944 q.
1225 885 1254 929 2
1291 885 1357 930 ita
1395 884 1581 930 scribit:
1621 882 1831 930 Ecclesia

89 961 301 1023 qladium
334 980 429 1013 non
462 965 616 1025 habet,
640 966 739 1013 nisi
773 964 1091 1028 spiritualem,
1129 980 1225 1012 non
1259 963 1450 1021 occidit,
1488 962 1566 1011 sed
1599 963 1827 1027 vivificat.

94 1045 223 1092 Unde
257 1047 420 1095 tritum
456 1048 572 1095 illud
608 1061 822 1096 sermone
859 1048 1107 1108 adagium:
1159 1045 1370 1094 Ecclesia
1404 1044 1620 1093 abhorret
1654 1059 1684 1090 a
1718 1059 1832 1091 san-

87 1124 247 1185 quine.
293 1128 385 1175 Sed
420 1129 634 1176 mitiores
668 1142 845 1188 poenas
880 1129 995 1177 licet
1029 1129 1338 1188 temporaleS,
1378 1134 1426 1174 et
1460 1127 1671 1186 corporis
1706 1126 1833 1172 affli-

91 1207 267 1264 ctivas,
304 1208 451 1256 veluti
485 1210 804 1257 detrusionem
840 1211 890 1256 in
924 1211 1294 1265 Monasterium,
1332 1220 1574 1263 carcereS,
1610 1207 1831 1253 verbera-

91 1288 278 1346 tioneS,
315 1290 527 1350 aliasque
562 1291 610 1338 id
646 1303 795 1351 genus
830 1292 950 1337 citra
985 1290 1233 1349 sanguinis
1283 1288 1566 1336 effusionem
1612 1287 1828 1347 infligere

89 1368 196 1428 jure
230 1385 314 1419 suo
349 1373 563 1420 Ecclesia
598 1379 771 1431 potest,
806 1372 930 1431 quod
966 1384 1107 1431 supra
1140 1371 1362 1418 diximus

157 1454 216 1499 At
249 1466 359 1501 vero
395 1453 473 1510 iis,
509 1453 591 1512 qui
626 1453 682 1500 ad
720 1465 882 1500 verum
919 1453 1170 1513 imperium
1205 1449 1283 1510 jus
1320 1452 1462 1498 etiam
1500 1452 1646 1507 vitae,
1669 1451 1829 1498 necis-

89 1547 179 1594 que
220 1535 515 1592 desiderant,
554 1535 808 1595 respondet
840 1534 1070 1582 Zallwein
1094 1541 1208 1581 tom.
1248 1535 1307 1580 IV
1341 1533 1492 1592 princ.
1527 1530 1622 1592 jur.
1660 1532 1827 1579 eccles

90 1627 199 1678 pag.
237 1618 299 1665 86
347 1617 422 1663 his
470 1617 654 1663 verbis:
710 1615 887 1663 Dicant
920 1614 971 1661 hi
1018 1614 1151 1662 nobis
1200 1629 1343 1677 quare
1383 1620 1590 1676 potestas
1636 1612 1830 1676 imperii

88 1697 351 1747 necessario
378 1699 492 1761 jure
524 1696 697 1760 yladii,
733 1698 880 1757 vitae,
917 1704 961 1745 et
995 1696 1124 1744 necis
1157 1695 1316 1743 debeat
1351 1711 1444 1744 esse
1475 1701 1679 1743 armata.
1704 1693 1833 1751 Quid

88 1780 132 1828 si
167 1779 398 1827 Dominus
433 1782 579 1838 Deus,
617 1779 697 1843 qui
732 1778 856 1826 solus
890 1784 957 1826 est
991 1784 1157 1825 auctor
1190 1777 1317 1824 vitae
1352 1784 1394 1824 et
1429 1776 1575 1835 necis,
1613 1775 1705 1823 sibi
1739 1774 1829 1821 soli

82 1863 168 1924 jus
200 1860 354 1923 qladii
389 1867 690 1920 reservasset,
727 1859 780 1907 de
829 1867 976 1908 cetero
1023 1866 1178 1907 autem
1225 1859 1478 1921 imperium
1511 1857 1625 1904 aliis
1659 1855 1828 1904 mediis

90 1942 418 2006 compulsoriis
451 1948 701 2001 armasset,
738 1949 780 1988 et
816 1941 870 1988 in
902 1941 1187 2003 imperantes
1209 1947 1360 1987 cetera
1391 1939 1549 1985 omnia
1563 1939 1683 2000 jura
1706 1937 1831 1983 alias

86 2025 331 2088 majestati
377 2023 567 2072 adneoea
613 2018 966 2070 transtulisset?
1002 2022 1181 2070 Dicant
1215 2021 1348 2069 nobis
1383 2036 1526 2084 quare
1561 2020 1709 2067 solum
1742 2019 1829 2082 jus

84 2106 211 2154 vitae
246 2113 289 2154 et
324 2106 450 2154 necis
492 2111 773 2169 potestatem
819 2103 1012 2166 imperii
1055 2099 1345 2150 constituat?
1394 2103 1448 2150 Si
1498 2101 1660 2149 dicant
1708 2099 1830 2164 quod

84 2187 166 2234 hoc
203 2187 350 2234 solum
386 2187 449 2234 sit
484 2185 705 2242 medium,
742 2200 830 2248 quo
865 2185 1073 2232 homines
1106 2184 1161 2231 in
1196 2199 1277 2231 suo
1313 2182 1461 2248 officio
1496 2182 1752 2241 contineri,
1784 2187 1827 2228 et

82 2268 188 2331 ipsa
222 2267 486 2332 respublica
520 2274 686 2315 contra.
720 2267 927 2330 injustos
961 2281 1249 2329 aqqressores
1296 2265 1568 2314 conservari
1613 2263 1736 2311 valet
1783 2268 1827 2310 et

81 2348 228 2410 debet,
276 2349 576 2413 replicamus,
627 2365 683 2397 ne
732 2348 917 2412 quidem
964 2348 1046 2396 hoc
1093 2349 1248 2411 ipsum
1282 2347 1538 2396 remedium
1581 2361 1674 2393 esse
1720 2343 1826 2404 sus-

81 2431 242 2494 ficiens
278 2430 340 2478 ad
373 2430 612 2478 hominum
647 2430 885 2477 malitiam
920 2430 1234 2479 coercendam.
1259 2429 1333 2478 An
1363 2445 1458 2477 non
1476 2428 1654 2475 dantur
1674 2425 1827 2472 homi-

79 2527 160 2559 nes
192 2512 474 2574 facinorosi,
498 2511 647 2574 fures,
672 2519 905 2575 raptores,
928 2512 1209 2572 homicidae,
1233 2512 1315 2574 qui
1337 2527 1392 2558 ne
1422 2509 1607 2573 quidem
1622 2522 1823 2570 poenam

81 2594 246 2641 mortis
280 2589 489 2642 curant?
524 2594 649 2640 Dein
682 2594 725 2640 si
760 2593 811 2640 id
839 2593 901 2640 ad
922 2592 1290 2642 conservandum
1312 2599 1485 2639 statum
1508 2589 1822 2638 necessarium

83 2690 176 2722 esse
207 2675 439 2735 dicamus,
463 2692 618 2725 omnes
646 2676 858 2739 profecto
893 2677 1180 2740 respublicae
1214 2677 1417 2723 minores
1452 2673 1694 2720 cessabunt
1729 2687 1822 2718 csse

80 2756 394 2817 respublicae,
443 2758 555 2820 quia
599 2759 860 2806 necessario
895 2757 1056 2805 debent
1089 2757 1377 2804 succumbere
1413 2754 1686 2801 civitatibus
1720 2768 1822 2798 ma-

72 2836 262 2898 joribus
304 2841 631 2901 praepotentia
672 2839 1056 2902 praevalentibus
1103 2839 1184 2884 hoc
1232 2838 1364 2898 ipsa,
1410 2835 1529 2897 quod
1563 2833 1820 2898 efficacibus

81 2917 329 2965 resistendi
362 2920 580 2969 remediis
614 2921 950 2969 destituantur.
1002 2920 1209 2982 Suscipit
1246 2933 1347 2979 erqo
1379 2925 1584 2981 potestas
1629 2916 1820 2979 imperii
