2114 3289
336 114 449 164 164
695 128 788 164 mn.
834 126 885 162 11.
933 126 1047 162 cAP.
1093 125 1144 162 11.
1193 127 1252 162 DE
1297 128 1558 164 EP1scoP1s

259 235 345 288 uni
387 233 498 288 loco
544 230 774 286 addictos
828 227 1004 297 fuisse,
1049 229 1190 300 cujus
1250 228 1498 286 limitibus
1551 248 1725 286 eorum
1768 241 1988 304 potestas

255 339 613 395 coarctaretur.
659 321 938 398 Propterea
967 323 1275 379 consuetudo
1317 321 1574 381 Ecclesiae
1603 325 1668 382 ab
1694 325 1987 400 apostolicis

253 422 566 497 temporibus
623 418 861 488 obtinuit,
904 430 957 473 ut
1008 415 1366 492 Metropolitae
1416 430 1463 472 et
1511 418 1846 476 Patriarchae
1888 419 1990 493 ipsi

249 528 409 572 certas
453 514 699 570 haberent
742 515 1036 569 constitutas
1070 512 1358 586 provincias
1404 525 1489 567 aut
1522 512 1811 582 DioeceseS‚
1855 531 1982 586 quas

248 621 514 681 regerent3
558 627 717 681 neque
775 619 1073 681 potestatem
1117 606 1272 661 ullam
1316 608 1368 661 in
1411 607 1591 662 alienis
1648 606 1980 663 Dioecesibus

255 723 486 759 exercere
536 714 782 777 poterant.
839 700 949 756 Hac
1012 699 1270 756 Ecclesiae
1329 700 1686 758 consuetudine
1738 700 1990 755 nitebatur

258 796 312 853 S.
357 796 699 867 Hieronymus
745 796 986 850 adversus
1013 793 1260 850 Joannem
1304 793 1824 865 Hierosolymitanum
1866 793 1989 868 Epi-

251 912 478 968 scopum.
524 891 656 946 Hinc
692 889 978 948 Concilium
1027 889 1312 946 Nicaenum
1364 889 1587 945 inhibuit
1628 909 1739 945 can.
1788 892 1880 959 15,
1923 907 1984 944 nc

241 988 521 1060 Episcopus
564 1005 594 1040 a
638 986 841 1040 civitate
901 987 959 1040 in
1020 985 1278 1040 cit-itatem
1337 984 1600 1040 transiret.
1665 981 1827 1040 Porro
1888 1003 1987 1056 qua

252 1085 445 1137 ratione
489 1083 650 1155 potuit
693 1079 979 1135 Concilium
1030 1078 1315 1135 Nicaenum
1368 1081 1452 1133 uni
1504 1079 1614 1134 loco
1677 1077 1986 1151 Episcopum

246 1177 502 1244 addicere,
547 1179 626 1231 cui
671 1176 965 1230 auctoritate
1010 1175 1184 1230 divina
1230 1176 1280 1229 in
1324 1193 1495 1228 omnes
1539 1172 1815 1241 Ecclesias,
1860 1172 1986 1226 citra

245 1273 398 1327 ullam
459 1274 823 1346 exceptionem„
878 1271 1500 1340 autlimitatione111‚jiis
1554 1288 1847 1324 concessum
1908 1287 1984 1322 es-

241 1365 359 1423 set?
404 1366 771 1440 Episcoporum
832 1368 986 1435 igitur
1047 1377 1266 1439 potestas
1300 1364 1365 1419 ad
1410 1383 1582 1420 onmes
1626 1364 1832 1419 omnino
1878 1362 1973 1418 Ec-

254 1462 432 1517 clesias
457 1480 557 1516 non
585 1479 636 1514 se
679 1461 913 1533 porrigit.

330 1554 600 1610 Praeterea
644 1553 1147 1609 animadvertendum
1189 1565 1283 1623 est,
1319 1551 1598 1627 Episcopos
1640 1551 1775 1608 facta
1816 1551 1984 1623 legiti-

252 1669 334 1705 ma
394 1651 737 1720 assignatione
808 1647 973 1722 plebis
1039 1667 1349 1721 quamquam
1416 1647 1632 1718 legitimi
1691 1646 1986 1721 propriique

252 1743 493 1799 Pastores
538 1745 657 1813 sint,
703 1761 802 1798 non
846 1754 1011 1797 tamen
1055 1741 1419 1816 plenitudinem
1445 1742 1708 1816 potestatis
1753 1758 1987 1795 exercere

250 1860 414 1915 posse.
460 1839 735 1895 Bossuetus
780 1841 831 1894 in
859 1858 1089 1895 sermone
1131 1839 1193 1893 cle
1228 1838 1426 1893 unitate
1470 1836 1727 1892 Ecclesiae
1764 1836 1830 1893 ad
1873 1855 1985 1892 eam

250 1956 356 1992 rem
416 1933 849 2008 comprobandam
893 1934 1050 1988 utitur
1109 1945 1403 2004 argumento
1446 1933 1512 1988 ab
1571 1931 1748 1988 eadem
1791 1933 1979 1987 unitate

251 2030 419 2084 ducto.
484 2026 569 2082 Sic
630 2028 763 2081 enim
824 2029 1190 2083 ratiocinatur:
1249 2029 1375 2082 Cum
1437 2026 1667 2081 Christus
1727 2025 1986 2080 Dominus

244 2121 669 2197 jurisdictionem
712 2121 1056 2177 universalem
1084 2132 1128 2176 et
1145 2121 1489 2193 potentiorem
1531 2140 1619 2178 Um
1643 2120 1978 2187 commiserit,

248 2235 460 2289 cumque
502 2234 621 2270 cero
664 2217 894 2271 eamdem
921 2216 1096 2270 multis
1121 2216 1241 2270 aliis
1267 2234 1585 2271 communem
1613 2232 1711 2270 esse
1738 2214 1981 2282 coluerit,

249 2313 533 2369 necessario
576 2312 827 2383 sequitur.
863 2325 919 2366 ut
960 2314 1159 2367 inistis
1203 2314 1383 2368 eadem
1425 2312 1707 2368 auctoritas
1748 2310 1984 2366 subordi-

245 2421 367 2463 nata
407 2409 504 2463 sit:
555 2407 658 2460 (Zao
702 2407 839 2460 enim
881 2408 1118 2479 pluresve
1163 2408 1365 2463 Summi
1415 2412 1738 2479 Imperantes
1779 2406 1837 2460 in
1877 2422 1982 2458 imo

245 2506 517 2575 eodemque
562 2503 825 2575 potestatis
874 2521 1055 2574 yenere
1111 2503 1510 2576 independenles
1561 2503 1771 2557 omnino
1830 2518 1983 2573 repu-

240 2610 399 2670 gnant
424 2622 438 2653 ;
483 2616 610 2669 (μείω
656 2609 826 2651 aulem
853 2616 884 2651 a
913 2601 1023 2652 Deo
1065 2609 1204 2664 sunt5
1247 2598 1494 2652 ordinata
1536 2608 1669 2653 sunt.
1714 2595 1777 2651 Et
1803 2614 1976 2650 revera

244 2695 577 2768 Episcopatus
606 2714 666 2749 ex
701 2692 946 2768 Cypriani
981 2695 1222 2747 sententia
1267 2712 1392 2748 unus
1419 2706 1511 2763 est,
1549 2690 1977 2766 quemadmodum

248 2788 473 2843 Ecclesia
521 2808 617 2842 una
645 2801 736 2857 est,
781 2800 827 2842 et
864 2787 1075 2862 proinde
1118 2807 1234 2860 pars
1279 2785 1611 2861 Episcopatus
1655 2786 1720 2840 al)
1752 2803 1977 2857 unoquo-

246 2901 339 2954 que
386 2882 636 2956 Episcopo
683 2884 732 2936 in
795 2882 1013 2937 solidum
1066 2894 1274 2951 tenetur,
1335 2892 1577 2953 quatenus
1631 2880 1974 2953 unusquisque
