2114 3289
420 127 466 203 ᾖ.
496 148 605 186 xiv.
636 148 696 184 DE
722 148 770 184 R.
803 146 1066 184 rourmcss
1097 147 1139 183 s.
1172 147 1316 182 rursu
1343 144 1571 182 success
1702 132 1773 182 55

140 251 423 309 Calmetum
465 253 517 306 in
561 251 912 307 dissertatione
955 254 1031 305 De
1077 250 1259 305 itinere
1305 251 1539 304 Romano
1581 252 1638 306 S.
1682 250 1850 319 Petri,

139 360 186 403 et
225 347 528 418 Fogginium
571 347 623 400 in
666 364 813 419 opere
856 348 933 399 De
980 347 1214 399 Romano
1257 345 1382 399 Divi
1426 343 1574 398 Petri
1626 343 1851 413 itinere,

140 458 310 496 emero.
359 443 452 496 10.
512 450 657 522 Quae
700 438 905 512 quidem
950 440 1130 494 veritas
1176 449 1245 494 tot
1287 439 1537 512 tantisque
1580 437 1844 493 luculentis

137 547 355 591 veterum
400 532 609 589 Patrum
655 553 712 589 ac
755 535 1056 607 scriptorum
1100 535 1433 589 monumentis
1478 535 1752 601 evincitur,
1797 543 1848 586 ut

140 628 205 685 ob
248 647 545 684 consensum
606 628 908 702 scriptorum
967 646 1027 681 ne
1086 628 1185 701 ipsi
1243 626 1446 700 quidem
1488 626 1848 694 P1²otcstanteS‚

137 722 316 778 saltem
342 722 613 793 doctiores,
644 741 754 778 eam
783 741 887 777 rem
931 723 982 775 in
1026 720 1236 776 dubium
1279 722 1639 777 revocaverint.
1686 717 1850 793 Atque

140 815 266 872 adeo
326 814 632 872 pearsonius
694 817 822 871 inter
878 816 1101 886 juniores
1156 814 1489 871 heterodoxos
1535 815 1845 870 clarissimus

139 909 263 965 diss.
294 908 317 963 I
343 909 406 965 de
432 911 743 965 successione
768 911 1049 983 primorum
1092 907 1287 964 Romae
1331 906 1697 983 Episcoporum
1740 927 1850 981 cap.

142 1007 174 1058 6
202 1015 248 1058 et
295 1008 322 1057 7
370 1003 698 1072 demonstrat9
739 1021 1004 1074 nunquam
1031 1021 1134 1057 non
1159 1002 1390 1057 habitum
1424 1019 1524 1074 pro
1567 1013 1724 1068 certo,
1752 1003 1856 1055 Ro-

135 1115 345 1152 manam
387 1097 571 1154 Sedem
614 1116 647 1151 α
689 1099 845 1151 Petro
904 1097 1218 1164 institutam,
1262 1106 1308 1150 et
1369 1098 1628 1150 Romanos
1671 1095 1855 1149 Ponti-

132 1192 249 1265 fices
290 1192 438 1246 Petri
481 1195 797 1248 Successores
855 1208 978 1258 esse,
1021 1191 1098 1244 ita
1138 1200 1196 1244 ut
1253 1191 1315 1245 de
1377 1190 1524 1244 Petri
1566 1190 1624 1244 in
1672 1190 1855 1244 Urbem

137 1288 361 1342 adventu
403 1297 448 1341 et
490 1287 630 1341 obitu
671 1286 864 1356 ambiqi
906 1303 1010 1338 non
1047 1286 1224 1357 possit,
1278 1285 1406 1355 quin
1457 1285 1635 1339 omnia
1676 1284 1855 1338 huma-

144 1399 240 1436 nae
279 1381 408 1456 fidei
451 1391 496 1435 et
538 1378 862 1434 auctoritatis
902 1378 1243 1450 fundamenta
1285 1378 1654 1436 convellantur.

220 1473 303 1531 2⁰
347 1473 427 1530 Ex
486 1493 731 1531 consensu
787 1475 937 1529 totius
998 1470 1291 1529 Ecclesiae:
1344 1492 1515 1529 omnes
1558 1474 1691 1557 enim
1736 1472 1855 1548 Epi-

135 1571 275 1645 scopi
334 1589 423 1644 per
482 1569 656 1625 orbem
714 1567 968 1643 dispersi,
1017 1580 1065 1623 et
1112 1569 1346 1623 universa
1390 1555 1853 1623 Christi'Ecclesia

135 1666 273 1720 omni
314 1677 536 1738 tempore
577 1662 804 1738 professa
846 1673 956 1732 est,
999 1660 1259 1718 Romanos
1303 1660 1582 1736 Episcopos
1633 1663 1855 1733 legitime

137 1758 339 1828 electos,
383 1757 708 1814 Successorcs
743 1756 798 1814 S.
843 1755 982 1811 Petri
1027 1756 1287 1812 habendos
1331 1775 1468 1826 esse3
1511 1757 1710 1830 ipsique
1752 1755 1857 1811 Ro-

137 1854 274 1908 mani
333 1850 604 1908 Pontifices
665 1863 905 1925 potestate
966 1849 1262 1919 Primatum,
1315 1851 1521 1922 ejusque
1571 1850 1768 1920 juribus
1812 1861 1858 1903 ct

135 1947 542 2020 praerogativis⁹
586 1964 698 2000 cum
741 1963 893 2020 supra
937 1944 1146 2014 fideles,
1197 1955 1301 1999 tum
1363 1963 1513 2018 supra
1577 1942 1855 2018 Episcopos

135 2042 371 2115 ipsosque
431 2037 800 2108 patriarchas,
859 2038 1230 2095 contradicente
1290 2040 1523 2109 nemine,
1585 2040 1662 2094 usi
1723 2050 1853 2094 sunt.

137 2132 382 2192 Nicolaus
427 2134 451 2190 I
494 2137 545 2191 in
587 2134 799 2209 epistola
843 2134 908 2190 ad
951 2132 1255 2190 Michaelem
1298 2130 1524 2190 Orientis
1581 2131 1856 2208 Imperato-

136 2250 241 2286 rem
284 2242 394 2287 octo
438 2229 766 2286 Patriarchas
810 2227 1394 2304 Constantinopolitanos
1439 2241 1677 2298 recenset,
1706 2231 1792 2301 qui
1828 2248 1856 2283 a

137 2324 384 2381 Romanis
451 2323 784 2381 Pontificibus
853 2321 1210 2379 Patriarchatu
1269 2325 1578 2378 exauctorati
1640 2321 1854 2378 fuerunt.

137 2418 387 2475 Mittimus
449 2420 734 2475 testimonia
795 2417 1044 2489 patrum,
1097 2437 1221 2492 quos
1273 2437 1456 2489 magno
1500 2434 1705 2471 numero
1751 2428 1855 2470 tum

139 2532 346 2585 graccos
373 2558 389 2584 9
437 2526 542 2569 tum
594 2515 776 2569 latinos
820 2515 872 2568 in
916 2513 1136 2569 medium
1178 2511 1369 2587 profert
1411 2510 1750 2566 Bellarminus
1794 2509 1855 2564 de

139 2606 289 2665 Rom.
335 2606 483 2664 Pont.
529 2627 639 2682 cap.
685 2606 783 2662 XV
826 2620 873 2664 et
914 2604 1058 2663 XVI.

221 2700 303 2760 3.⁰
346 2703 572 2777 Denique
615 2723 677 2759 ex
714 2701 1059 2760 Conciliorum
1085 2704 1396 2758 auctoritate.
1444 2697 1726 2754 Concilium
1754 2694 1854 2754 Oe-

141 2800 450 2854 cumenicum
492 2797 594 2853 VII
638 2799 902 2873 epistolam
946 2795 1160 2855 Adriani
1198 2797 1261 2852 ad
1289 2795 1335 2849 T
1339 2796 1561 2849 arasium
1588 2793 1852 2866 approbat,

140 2893 315 2964 inqua
359 2892 480 2947 haec
526 2893 773 2948 habentur
816 2893 876 2947 de
919 2892 1144 2948 Ecclesia
1187 2890 1445 2945 Romana:
1494 2886 1657 2960 Cujus
1700 2886 1852 2942 Sedes
