2114 3289
314 125 384 176 10
697 138 803 175 Lm,
839 137 872 173 1.
921 136 980 172 oa
1023 136 1180 174 sura
1227 135 1498 175 succesus

230 244 413 301 deinde
474 253 787 314 argumenta,
852 258 980 312 quae
1024 258 1052 295 a
1101 237 1508 297 protestantibus
1569 252 1742 298 contra
1802 240 1960 313 objici

230 340 414 408 solent,
459 337 679 392 breviter
722 333 994 390 diluemus,

291 528 611 572 protestantes
654 518 752 579 jam
803 521 861 567 ab
909 520 1050 566 initio
1097 519 1451 568 reformationis
1498 533 1682 568 omnem
1730 521 1972 569 Ecclesiae

222 612 504 667 potestatem
539 601 827 649 labefactare
865 602 1024 648 conati
1073 608 1201 657 sunt,
1239 613 1435 660 eamque
1484 601 1534 648 iu
1583 614 1692 649 suos
1728 603 1970 662 Principes

222 685 586 739 transtulerunt,
625 690 677 730 ut
711 684 772 729 iis
795 683 1117 739 adularentur,
1153 695 1351 741 quorum
1384 683 1564 730 auxilio
1588 689 1728 741 atque
1763 684 1975 731 auctori-

221 775 318 815 tate
355 765 651 824 indigebant.
690 764 738 810 Id
776 770 932 810 autem
969 761 1076 821 jure
1111 763 1287 810 factum
1311 762 1456 811 fuisse
1480 763 1817 810 Puffendorfius
1852 777 1971 811 con-

223 848 397 902 tendit,
434 846 483 892 in
522 857 719 904 eamque
756 845 1040 891 senteutiam
1077 844 1247 891 librum
1273 844 1421 891 edidit
1455 842 1508 891 de
1530 843 1695 890 habitu
1727 843 1976 904 religionis

222 926 513 975 christianae
547 922 610 972 ad
644 925 793 972 vitam
828 923 1034 983 civilem,
1070 938 1161 984 quo
1205 925 1564 972 distinctionem
1606 925 1888 972 societatum
1926 925 1976 970 in

218 1007 439 1070 aequales
486 1014 534 1054 et
567 1005 837 1068 inaequales
874 1019 899 1052 a
949 1019 997 1053 se
1034 1006 1354 1065 excogitatam
1403 1006 1452 1052 in
1504 1005 1708 1053 medium
1756 1006 1970 1064 protulit.

220 1092 370 1146 Quam
393 1089 583 1148 quidem
607 1088 883 1147 opinionem
916 1095 1155 1146 tamquam
1179 1099 1204 1132 a
1228 1087 1359 1134 coelo
1384 1087 1624 1146 delapsam
1647 1088 1969 1133 protestantes

226 1184 389 1217 omnes
424 1176 752 1228 susceperunt,
790 1166 991 1227 ejusque
1031 1175 1271 1215 auctorem
1308 1168 1502 1215 summis
1525 1168 1743 1215 laudibus
1766 1167 1978 1214 celebra-

223 1259 351 1298 runt.
390 1251 552 1308 Nemo,
591 1250 749 1309 inquit
771 1248 966 1296 Pfaffius
1003 1262 1109 1309 pag.
1141 1249 1231 1295 199
1255 1250 1366 1296 edit.
1401 1249 1626 1309 Tubing„
1650 1254 1758 1294 aute
1782 1246 1975 1311 Puffen-

223 1331 424 1395 dorfium
458 1331 576 1393 fuit,
614 1330 696 1394 qui
731 1332 818 1377 Jus
840 1329 1206 1378 ecclesiasticum
1231 1329 1603 1377 Protestantium
1626 1329 1766 1376 cerlis
1801 1328 1975 1390 requlis

222 1412 661 1476 fundamentalibus
696 1419 1070 1474 superstrueret:
1109 1411 1184 1459 hic
1216 1412 1402 1473 primus
1437 1410 1556 1472 suit,
1594 1412 1675 1474 qui
1718 1410 1977 1458 Ecclesiam

220 1494 417 1542 nonnisi
451 1494 750 1552 Societatem,
788 1500 831 1541 et
867 1493 1117 1554 Colleqium
1138 1492 1330 1555 aequale
1352 1492 1406 1539 in
1437 1492 1630 1540 civitate
1667 1507 1759 1539 esse
1795 1490 1975 1549 docuit,

222 1574 448 1633 tradidit,
506 1582 550 1622 et
600 1574 999 1622 commonstravit.
1061 1577 1222 1633 ltaque
1279 1575 1481 1633 pretium
1539 1586 1710 1633 operae
1757 1574 1979 1619 duximus

225 1658 482 1704 Societatis
506 1656 773 1715 inaequalis
796 1657 1118 1702 definitionem
1145 1668 1170 1701 a
1194 1655 1503 1702 Puffendorfio
1537 1656 1751 1713 accipere
1776 1651 1974 1711 ejusque

224 1739 467 1796 ipsissima
505 1739 644 1784 verba
680 1738 906 1793 retinere,
945 1744 995 1783 ut
1032 1737 1254 1783 adversus
1291 1749 1390 1793 eOS,
1414 1736 1496 1794 qui
1531 1736 1669 1782 nobis
1716 1734 1975 1781 adversarii

225 1826 353 1876 sunt,
391 1818 599 1879 propriis
635 1831 796 1866 corum
833 1818 976 1864 armis
1013 1830 1344 1877 pugnaremus.
