2114 3289
348 140 421 191 54
585 156 700 193 cAP.
744 156 795 190 11.
844 155 903 189 DE
949 154 1193 190 FONTIBUS
1235 155 1372 190 sums
1416 152 1661 189 cartorum

264 256 543 314 Christiani
588 276 757 313 omnes
802 257 942 328 sequi
986 255 1217 324 debeant,
1253 257 1414 327 sitque
1457 254 1846 323 irreformabile,
1890 275 1977 328 op-

262 353 526 427 portunior
552 352 756 405 dabitur
788 351 838 403 in
881 347 1001 404 Jure
1044 348 1257 403 Publice
1302 349 1583 404 disserendi
1627 350 1784 405 locus.
1829 345 1976 403 Nunc

262 445 323 500 de
365 447 427 499 iis
472 442 816 499 tantummodo
860 443 1054 513 legibus
1099 460 1263 497 sermo
1307 443 1420 511 erit,
1447 461 1573 514 quae
1601 443 1664 497 ad
1693 441 1977 513 Religionis

260 540 466 607 cultum,
511 555 806 609 omnemque
850 536 1174 610 disciplinam
1218 548 1458 610 spectant.

1027 705 1071 780 §.
1120 712 1210 766 23.

452 852 523 897 DE
563 850 674 897 USU
712 851 783 896 ET
821 851 1222 897 AUCTORITATE
1267 851 1786 897 CONSTITUTIONUM

759 961 1087 1007 SUMMORUM
1126 961 1477 1006 PONthtCUM

339 1108 395 1163 Iu
458 1110 593 1163 omui
644 1110 878 1164 societate
922 1108 1105 1180 aliquis
1150 1110 1214 1163 sit
1258 1120 1487 1182 oportet,
1532 1111 1616 1181 qui
1659 1110 1770 1179 jura
1815 1121 1860 1163 et
1904 1109 1978 1163 of-

260 1204 372 1258 ficia
417 1204 730 1273 singulorum
775 1203 1030 1270 ordinum9
1076 1204 1315 1271 actiones,
1362 1222 1457 1271 res9
1502 1204 1722 1273 negotia,
1763 1203 1978 1273 judicia-

259 1317 353 1371 que
397 1299 569 1370 aequis
615 1297 808 1368 legibus
855 1297 1167 1365 moderetur,
1210 1297 1430 1367 jubendo
1475 1317 1530 1351 ea
1576 1317 1702 1371 quae
1747 1297 1975 1353 facienda

258 1404 406 1462 sunt,
449 1403 496 1446 et
539 1392 791 1446 contraria
836 1391 1169 1465 prohibendo.
1234 1390 1432 1445 Etenim
1476 1393 1582 1446 sine
1635 1392 1829 1462 legibus
1891 1411 1976 1446 nec

259 1486 437 1540 doinus
482 1486 602 1554 ulla,
647 1505 734 1540 nec
779 1486 977 1554 civitas,
1024 1504 1109 1540 uec
1151 1504 1291 1554 gens,
1336 1504 1423 1540 nec
1467 1485 1728 1540 hominum
1779 1487 1977 1540 univer-

256 1599 366 1634 sum
410 1599 564 1650 genus
609 1591 741 1634 stare
783 1590 960 1652 potest.
1009 1577 1076 1633 lis
1123 1599 1237 1633 vero
1281 1578 1600 1634 ferendarum
1645 1580 1810 1650 legum
1839 1591 1976 1654 pote-

257 1686 358 1728 stas
410 1684 510 1742 est,
561 1674 646 1745 qui
700 1672 973 1742 regendae,
1017 1673 1400 1742 gubernandae„
1445 1673 1975 1746 administrandaeque

257 1770 483 1824 societati
543 1769 817 1842 praepositi
877 1781 1007 1823 sunt.
1071 1769 1222 1840 Atqui
1276 1766 1484 1823 Summo
1529 1767 1767 1824 Pontifici
1810 1769 1866 1823 in
1909 1773 1973 1825 B.

256 1868 412 1918 Petro
447 1864 720 1937 pascendi)
763 1864 996 1935 sreqemhp
1042 1875 1083 1916 el
1127 1865 1452 1934 ymber-nandi
1494 1865 1837 1919 universalem
1882 1867 1975 1918 Ec-

261 1960 464 2014 clesiam
511 1978 543 2013 α
597 1962 663 2013 D.
720 1961 785 2014 Ν.
841 1960 960 2012 Jesu
1023 1957 1222 2013 Chrism
1275 1959 1433 2029 plena
1484 1969 1710 2030 potestas
1773 1959 1976 2013 tradita

255 2065 361 2119 est,
425 2053 560 2126 quod
614 2052 902 2107 Florentina
948 2050 1184 2122 Synodus
1230 2052 1494 2121 (lefinivit3
1540 2051 1810 2108 Pontifices
1854 2072 1973 2124 ergo

253 2159 506 2221 acceptam
543 2167 569 2200 a
615 2145 821 2201 Christo
865 2158 1156 2220 potestatem
1204 2158 1364 2201 teuent
1405 2147 1742 2216 juliendarum
1785 2148 1972 2219 legum,

252 2243 434 2314 quilius
479 2242 710 2295 universa
755 2239 981 2295 Ecclesia
1028 2240 1392 2314 obtemperare,
1420 2260 1601 2313 easque
1647 2243 1786 2314 sequi
1816 2243 1976 2297 omni-

254 2356 317 2391 no
361 2335 524 2389 (lebet.

332 2428 556 2484 Proinde
610 2429 902 2498 hujusmodi
948 2429 1079 2498 leges
1124 2429 1187 2483 ad
1231 2428 1321 2481 Jus
1367 2448 1629 2483 commune
1673 2430 1974 2484 ecclesiasti-

253 2544 364 2580 cum
410 2524 676 2597 pertinent,
707 2540 767 2574 ex
814 2524 972 2594 iisque
1016 2542 1134 2595 pars
1181 2524 1346 2596 potior
1388 2522 1524 2577 Juris
1570 2521 1815 2578 Canonici
1859 2542 1975 2576 con-

251 2618 376 2672 fecta
421 2629 528 2684 est,
573 2617 641 2670 ita
685 2629 737 2671 ut
781 2618 829 2669 in
875 2617 1007 2671 cultu
1066 2636 1362 2686 sacrorum,
1417 2618 1467 2671 in
1528 2637 1646 2672 cura
1707 2617 1971 2671 christiani

252 2712 444 2785 populi,
489 2712 539 2763 in
585 2710 1020 2765 administratione
1065 2728 1229 2764 rerum
1273 2711 1749 2778 ecclesiasticarum,
1794 2712 1842 2764 in
1895 2712 1974 2781 ju-

252 2805 435 2872 diciis,
481 2805 530 2858 in
576 2806 809 2859 universa
854 2803 1068 2875 denique
1111 2805 1450 2858 ecclesiastica
1495 2804 1763 2877 disciplina
1809 2806 1973 2859 maxi-

253 2916 386 2953 11111111
431 2917 572 2951 usum
618 2899 1063 2970 auctoritatemque
1107 2897 1341 2954 habeant.
