2114 3289
359 133 464 187 66⁷
613 147 727 184 cAP.
773 147 823 182 11.
872 147 931 181 ne
975 147 1219 184 fominus
1261 148 1398 185 smus
1440 148 1683 186 CANOle

276 252 494 326 amplius
538 253 865 319 continerent,
909 248 1044 323 quod
1104 253 1176 306 eis
1239 253 1340 307 vim
1398 253 1524 324 legis
1583 253 1845 324 generalis,
1885 273 2002 309 con-

276 344 489 415 ciliaret,
532 344 667 417 quod
709 342 928 398 Joannes
973 342 1338 400 Gotthofredus
1383 347 1551 401 multis
1597 347 1778 421 probat
1819 347 1871 401 in
1908 347 2012 402 lib.v

278 437 356 494 IX
398 437 525 495 Cod.
571 437 770 493 Theod.
817 437 877 491 cle
922 437 1132 491 diversis
1175 438 1449 511 'rescriptis
1495 438 1560 494 At
1602 443 1652 496 in
1682 439 1802 496 Jure
1831 439 1997 496 Cano-

274 535 389 588 nico
432 533 656 607 plerique
700 544 873 605 putant
917 534 1159 607 rescripta
1201 534 1444 604 justitiae,
1489 534 1671 607 quibus
1715 535 1994 609 peculiares

276 628 592 699 quaestiones
620 626 939 695 deciduntur,
969 629 1070 682 vim
1098 628 1222 698 legis
1248 628 1497 697 generalis
1534 629 1739 698 habere,
1767 629 1998 702 quamvis

274 739 362 774 nec
407 721 702 775 auctoritate
745 720 948 794 publica
990 724 1042 776 in
1086 718 1328 776 Codicem
1372 722 1528 777 relata
1572 723 1691 792 sint,
1734 742 1822 778 nec
1859 721 1999 777 aliud

274 816 579 883 contineant,
639 833 701 868 ex
763 835 861 888 quo
924 827 1235 889 compertum
1296 818 1360 871 sit
1420 815 1721 873 Pontificem
1784 817 1999 871 voluisse

274 907 558 978 generalem
601 907 759 979 legem
805 909 1036 965 condere.
1083 908 1215 965 Sane
1259 908 1577 966 Innocentius
1623 909 1699 965 ΙΙΙ
1744 931 1787 967 c.
1837 911 1907 964 19
1936 909 1998 963 cle

277 1010 427 1067 sent„
463 1013 510 1056 et
534 1020 589 1055 re
610 1001 735 1075 jud.
782 1004 853 1057 sic
888 1003 1065 1058 edixit:
1099 1007 1166 1058 In
1208 1004 1395 1070 causiS,
1425 1022 1553 1075 quae
1588 1004 1790 1060 Summi
1817 1002 1997 1056 Ponti-

267 1093 377 1167 ficis
414 1095 620 1168 judicio
663 1095 997 1163 deciduntur,
1044 1108 1089 1152 et
1131 1099 1260 1152 orclo
1296 1097 1441 1172 juris
1484 1108 1529 1152 et
1559 1098 1704 1170 viqor
1728 1096 1997 1169 aequitatis

274 1201 344 1244 est
385 1191 639 1246 subtiliter
679 1193 1047 1260 observandus,
1093 1212 1207 1247 cum
1249 1195 1307 1248 in
1332 1194 1587 1249 similibus
1624 1194 1821 1248 casibus
1847 1192 1998 1247 ceteri

274 1296 545 1340 teneantur
597 1286 838 1341 similiter
891 1287 1163 1361 judicare,-
1225 1289 1328 1343 nisi
1403 1289 1534 1360 forte
1594 1308 1709 1342 cum
1768 1288 1996 1359 aliquid,

271 1397 425 1434 causa
484 1381 790 1435 necessitatis
849 1391 939 1436 aut
1017 1383 1260 1438 utilitatis
1336 1383 1584 1455 inspecta,
1661 1381 2000 1455 dispensative

274 1473 488 1528 duxerit
530 1476 874 1532 statuendum.
919 1476 999 1532 Ex
1042 1477 1223 1551 quibus
1269 1477 1434 1532 verbis
1495 1477 1623 1534 duae
1684 1477 1998 1533 conditiones

272 1569 658 1641 desiderantur,
721 1583 771 1627 ut
848 1572 1110 1628 inferiores
1163 1573 1357 1644 judices
1411 1573 1684 1629 secundum
1753 1575 1996 1647 rescripta

273 1666 350 1721 vel
392 1667 699 1723 decisionem
743 1666 1008 1725 Pontificis
1062 1672 1357 1725 sententiam
1390 1669 1519 1724 ferre
1554 1669 1784 1725 debeant.
1821 1667 1998 1724 Prima

271 1773 364 1831 est,
407 1775 459 1817 ut
501 1783 645 1819 casus
689 1766 753 1820 sit
795 1766 1000 1819 omnino
1044 1765 1244 1821 similis,
1290 1764 1370 1818 Ad
1415 1783 1519 1820 rem
1563 1761 1719 1820 Card.
1766 1763 1841 1819 De
1897 1761 1998 1818 Lu·

272 1877 329 1913 ca
374 1860 425 1913 in
468 1860 652 1915 Annot.
701 1859 765 1915 ad
809 1857 966 1916 Cone.
1011 1858 1159 1916 Trid.
1195 1860 1427 1916 discursu
1471 1859 1494 1914 I
1537 1879 1673 1917 num.
1723 1862 1817 1916 12:
1871 1862 1998 1914 Cum

270 1951 393 2006 illae
434 1953 736 2021 decisiones,
781 1972 909 2026 quae
952 1954 1179 2026 singulos
1221 1955 1297 2008 cel
1314 1954 1660 2026 particulares
1687 1964 1997 2009 concernunt

271 2064 438 2113 casus,
483 2067 548 2101 ecc
592 2067 769 2103 eorum
816 2049 1133 2122 particulari
1185 2050 1432 2120 qualitate
1491 2061 1534 2103 et
1593 2048 1994 2103 circumstantiis

269 2159 507 2202 manare¹
540 2144 752 2210 soleant,
806 2144 1019 2215 ideoque
1078 2144 1232 2198 alteri
1292 2144 1520 2198 diversas
1590 2143 1999 2198 circumstantias

272 2234 474 2289 habenti
518 2256 616 2289 non
661 2255 853 2311 semper
896 2249 1011 2292 sunt
1061 2238 1415 2311 applicabiles,
1478 2257 1593 2291 cum
1654 2238 1995 2292 diversimode

272 2330 332 2384 ob
375 2330 627 2384 diversam
657 2332 781 2404 facti
812 2334 1114 2403 qualitatem
1156 2333 1355 2404 saepius
1399 2333 1670 2387 decernere
1723 2342 1992 2403 conqruat,

270 2425 408 2495 quod
449 2425 630 2496 ‘vulqus
674 2427 806 2480 male
847 2427 1089 2499 concipit,
1135 2438 1282 2497 atque
1309 2428 1719 2481 contrarietatem
1749 2426 1991 2498 appellat.

272 2517 441 2573 Altera
484 2532 575 2589 est,
637 2533 687 2574 ut
746 2519 984 2575 Pontifex
1042 2541 1247 2596 prorsus
1309 2522 1554 2576 rescribat
1614 2533 1698 2576 aut
1756 2520 1991 2589 decidat,

270 2625 316 2667 et
359 2633 456 2669 non
501 2614 840 2688 dispensando
885 2615 1164 2688 quidquam
1209 2628 1411 2684 statuat,
1455 2616 1706 2688 siquidem
1759 2614 1995 2669 manifes-

269 2719 373 2761 tum
417 2720 489 2763 est
532 2708 926 2783 dispensationes
970 2709 1262 2778 hujusmodi
1307 2711 1357 2763 in
1394 2711 1456 2764 iis
1503 2722 1691 2764 tantum
1734 2709 1992 2764 eventibus

272 2813 317 2855 et
360 2805 587 2874 personis
635 2802 816 2872 valere,
862 2822 952 2877 pro
996 2803 1176 2875 quibus
1220 2823 1484 2859 concessae
1529 2802 1742 2858 fuerunt.

349 2894 487 2951 Haec
533 2908 696 2952 autem
740 2898 1001 2966 sententia,
1046 2899 1276 2969 quamvis
1320 2898 1448 2952 inter
1507 2895 1644 2952 Juris
1699 2898 1992 2971 interpretes
