2114 3289
304 140 412 189 276

212 254 460 318 Pontifeoe.
512 257 560 302 S.
611 255 736 301 Petri
784 255 1040 302 Successor
1103 255 1184 302 53.
1244 255 1364 315 Ejus
1427 260 1701 307 immediata
1750 269 1960 320 potestas

347 340 397 386 in
434 351 620 386 omnem
654 338 917 384 Ecclesiam
968 339 1050 386 62.
1088 340 1159 386 An
1196 337 1302 398 ejus
1337 337 1572 399 judicium
1606 343 1953 394 irreformabile

344 421 394 466 in
419 419 702 466 definiendis
739 421 1079 468 controversiis
1114 421 1170 468 de
1206 422 1294 467 fide
1333 429 1378 468 et
1413 425 1621 471 moribus
1666 426 1745 472 69.
1785 428 1955 475 Variae

344 502 552 560 eligendi
591 501 832 548 Pontificis
868 500 1045 549 formae
1083 502 1187 561 214
1218 509 1264 549 et
1300 516 1430 562 seqq.
1454 505 1525 550 An
1560 506 1779 554 Pontifex
1802 510 1954 567 possit

351 582 441 628 sibi
478 582 809 628 Successorem
848 583 1023 642 eligere
1062 584 1175 630 218.

282 664 516 709 Primatus
551 664 598 710 S.
637 664 759 710 Petri
814 663 890 708 13.
941 665 1072 710 Finis
1120 666 1353 712 Primatus
1402 668 1483 713 56.
1538 664 1760 725 Ejusdem
1810 684 1962 718 nexus

344 757 450 790 cum
487 746 694 790 Romana
731 745 850 792 Sede
902 745 984 792 59.
1022 747 1159 792 Ratio
1197 747 1547 794 determinandi
1581 746 1689 807 jura
1725 752 1958 798 Primatus

347 825 428 870 64.
468 826 537 871 An
590 826 881 872 admittenda
917 824 1026 885 jura
1073 828 1346 875 essentialia
1398 835 1445 875 et
1492 830 1752 877 adventitia
1788 833 1870 879 66.
1906 833 1953 879 S.

346 907 509 953 Petrus
546 909 719 953 Romae
755 908 878 954 obiit
911 908 992 954 54.

206 982 459 1031 Primates.
499 986 700 1040 Quinam
737 987 804 1033 sic
841 988 998 1034 vocati
1042 986 1131 1033 144
1172 994 1217 1035 et
1259 988 1371 1034 175.
1396 989 1569 1036 Eorum
1604 986 1712 1048 jura
1749 997 1794 1037 et
1830 991 1949 1037 insi-

344 1067 456 1126 gnia
501 1066 590 1112 144
631 1074 676 1114 et
716 1068 826 1113 178.

207 1147 584 1194 Protestantium
620 1163 817 1194 errores.
855 1152 920 1196 De
956 1149 1090 1196 Statu
1130 1150 1372 1197 Ecclesiae
1407 1151 1436 1197 6
1475 1157 1522 1197 et
1565 1152 1609 1196 7.
1662 1153 1834 1199 Eorum
1879 1165 1958 1198 ar-

344 1238 571 1290 gumenta
624 1245 682 1278 ex
731 1232 891 1278 Sacris
952 1233 1145 1279 Litteris
1192 1233 1272 1278 41.
1327 1234 1397 1279 Ex
1458 1241 1629 1280 natura
1685 1235 1950 1295 Religionis

340 1315 419 1359 44.
460 1315 518 1360 Et
568 1329 624 1362 ex
685 1316 841 1362 indole
879 1316 1334 1375 rerumpublicarum
1372 1317 1452 1363 46.
1499 1317 1804 1377 Singulorum
1840 1333 1958 1366 con-

343 1395 516 1442 futatio
553 1397 635 1442 cit.
674 1396 765 1442 loc.

1054 1480 1105 1525 R.

272 1558 540 1617 Regalistae
574 1572 719 1617 quare
769 1560 836 1605 sic
888 1560 1005 1606 dicti
1051 1560 1096 1605 7.
1135 1561 1259 1615 Quas
1307 1573 1383 1607 res
1418 1567 1464 1606 et
1497 1557 1606 1618 jura
1644 1561 1843 1619 imperio
1880 1562 1952 1608 ci-

338 1639 421 1684 vili
459 1640 671 1686 tribuant
709 1641 825 1686 ibid.
865 1648 911 1687 et
947 1641 1060 1686 225.

207 1718 443 1781 Reqimen.
481 1722 719 1775 Quaenam
757 1723 818 1767 sit
853 1720 1001 1767 forma
1047 1722 1297 1781 regiminis
1347 1722 1661 1769 ecclesiastici
1702 1722 1809 1767 199.
1847 1723 1949 1769 Non

340 1802 512 1860 pendet
549 1803 605 1848 ab
641 1803 840 1860 imperio
879 1803 1009 1848 civili
1049 1804 1143 1848 226
1183 1810 1228 1849 et
1264 1816 1395 1861 seqq.

207 1881 490 1929 Relationes.
528 1886 593 1929 De
628 1881 736 1941 jure
774 1885 1013 1930 Pontificis
1050 1897 1128 1931 eas
1165 1885 1432 1942 accipiendi
1474 1885 1583 1931 146.

224 1968 229 1973 ’
271 1966 359 2010 Res
407 1966 680 2023 spirituales
728 1967 953 2024 potestati
1004 1967 1246 2013 Ecclesiae
1296 1965 1541 2024 subjectae
1593 1967 1685 2012 223
1739 1974 1786 2012 et
1836 1967 1949 2013 225.

336 2046 451 2091 Item
488 2060 562 2092 res
599 2060 860 2103 connexae,
899 2060 979 2093 seu
1020 2048 1195 2094 mixtae
1233 2060 1338 2094 cum
1375 2049 1702 2106 spiritualibus
1742 2047 1858 2092 244.

270 2126 640 2173 Riclieristarum
679 2141 862 2174 errores
898 2128 924 2173 7
964 2136 1010 2174 et
1046 2128 1125 2173 49.
1165 2130 1338 2176 Eorum
1381 2128 1646 2176 confutatio
1686 2131 1750 2175 50
1792 2136 1838 2176 et
1865 2129 1947 2175 51.

204 2210 443 2255 Romanus
479 2209 728 2272 Pontifex.
768 2212 883 2258 Vide
921 2211 1156 2258 Pontifex.

1047 2295 1100 2339 U.

271 2371 438 2416 Unitas
471 2371 578 2418 fidei
615 2379 662 2418 et
695 2373 1042 2419 communionis
1078 2375 1158 2420 58.

1046 2456 1100 2500 V.

273 2533 450 2579 vicarii
485 2534 746 2593 Apostolici
790 2534 896 2579 143.

971 2778 1177 2822 FlNlS
