2114 3289
1667 100 1771 152 211

894 219 936 294 §-
986 228 1076 280 58.

777 360 850 405 DE
889 358 1214 405 ELECTIONE

216 508 472 585 Apostolis
519 513 617 565 vita
660 509 865 576 functis,
908 506 1274 581 Episcoporum
1317 505 1491 560 electio
1552 503 1646 559 fuit
1704 521 1852 577 penes

137 603 413 678 Episcopos
459 603 756 660 Provinciae
800 621 911 656 cum
962 600 1110 656 Clero
1171 620 1228 654 ac
1289 599 1473 673 populo
1534 608 1855 669 congregato,

136 697 267 752 Hinc
312 697 366 753 S.
412 699 719 753 Athanasius
762 716 839 770 ep.
886 695 950 750 ad
1012 693 1182 768 Episc.
1244 692 1445 749 orthod.
1508 712 1558 748 n.
1624 695 1657 744 2
1717 690 1856 765 Opp.

135 803 254 848 tom.
304 793 327 844 1
380 792 709 859 demonstrat„
753 788 1055 859 Gregorium
1099 789 1150 843 in
1210 786 1392 843 Sedem
1452 785 1851 841 Alexandrinam

133 885 376 941 invasisse
420 885 532 940 ideo
586 885 901 959 praesertim,
963 881 1098 954 quod
1159 882 1266 952 ejus
1326 881 1501 936 electio
1562 879 1692 934 facta
1757 898 1856 934 non

134 977 283 1034 fuerit
356 979 634 1034 secundum
690 978 842 1033 verba
903 976 1085 1044 Pauli,
1147 975 1461 1047 conqrequtis
1530 973 1738 1046 populis
1810 984 1855 1028 et

142 1073 328 1144 spiritu
378 1073 737 1127 ordinantium
781 1090 895 1126 cum
937 1071 1125 1126 virtute
1170 1073 1237 1126 D.
1283 1071 1350 1125 N.
1386 1071 1507 1123 Jesu
1550 1067 1755 1124 Christi.
1794 1065 1857 1122 Et

138 1165 404 1240 Apostoli,
458 1180 508 1222 ut
551 1169 762 1239 legimus
825 1165 934 1221 Aet.
981 1164 1074 1233 VI,
1137 1164 1389 1220 Diaconos
1451 1184 1478 1218 a
1541 1161 1857 1217 multitudine

136 1260 424 1331 designatos
468 1262 782 1317 ordinarunt.

216 1353 296 1409 Ex
347 1357 440 1410 hac
491 1355 708 1426 eligendi
769 1354 953 1423 forma,
1013 1355 1153 1425 cujus
1215 1353 1452 1408 nonnulla
1513 1350 1743 1425 exempla
1804 1352 1857 1405 in

132 1447 289 1504 Sacra
334 1448 594 1522 Scriptura
638 1449 906 1517 habentur,
949 1446 1192 1503 Doctores
1237 1447 1396 1519 aliqui
1446 1445 1545 1502 sibi
1590 1445 1686 1501 visi
1747 1455 1861 1500 sunt

138 1546 414 1600 rectissime
457 1564 603 1619 posse
647 1543 959 1602 concludere:
1010 1540 1091 1599 1.Ο
1135 1545 1186 1598 ἰη
1230 1542 1555 1598 electionibus
1582 1539 1859 1616 Episcopo-

131 1658 242 1693 rum
286 1659 400 1695 suas
433 1651 609 1713 partes
655 1638 945 1694 tribuendas
989 1656 1095 1693 esse
1138 1639 1444 1692 christianae
1504 1634 1658 1709 plebi,
1702 1634 1854 1708 idque

129 1734 238 1804 jure
280 1734 473 1790 divino:
522 1731 604 1789 2⁰
664 1734 902 1804 injuriam
964 1732 1172 1807 proinde
1234 1731 1418 1806 populo
1479 1729 1666 1785 factam
1725 1748 1853 1798 esse,

141 1827 261 1882 dum
305 1847 362 1883 eo
404 1829 512 1898 jure
557 1827 631 1883 vel
674 1828 780 1898 ejus
822 1828 948 1898 juris
993 1845 1085 1881 usu
1144 1827 1369 1900 privatus
1430 1836 1521 1893 est,
1583 1842 1713 1879 nova
1773 1823 1861 1879 eli-

136 1922 413 1992 gendorum
464 1920 831 1995 Episcoporum
891 1920 1161 1994 disciplina
1222 1921 1434 1974 invecta:
1498 1914 1581 1974 3.Ο
1642 1916 1857 1991 denique

139 2037 243 2087 6ος,
287 2019 373 2090 qui
417 2019 466 2072 iu
511 2019 711 2073 civitate
754 2018 1020 2091 imperant,
1065 2017 1248 2089 quique
1292 2014 1464 2089 populi
1490 2015 1604 2085 jura
1641 2012 1859 2087 comple-

137 2123 333 2166 ctuntur
376 2114 628 2181 universa,
672 2130 817 2185 posse
860 2111 960 2166 sibi
989 2130 1072 2166 eas
1101 2121 1287 2183 parteS,
1332 2110 1532 2182 quasin
1563 2107 1855 2180 hujusmodi

139 2207 465 2263 electionibus
509 2207 720 2281 populus
766 2207 999 2276 obtinuit,
1046 2204 1320 2261 vindicare.

220 2299 407 2355 Verum
454 2301 657 2356 ubinam
702 2311 839 2355 extat
879 2300 959 2370 jus
993 2298 1119 2354 illud
1164 2298 1411 2369 divinum,
1455 2318 1553 2371 quo
1597 2309 1698 2352 tota
1744 2316 1860 2352 con-

141 2394 298 2461 clusio
343 2391 565 2449 nititur?
607 2391 875 2466 Nusquam
936 2392 1138 2466 quidem
1190 2405 1337 2448 certe.
1398 2390 1575 2464 Neque
1628 2391 1761 2445 enim
1805 2392 1856 2444 in

143 2485 300 2543 Sacra
345 2487 627 2562 Scriptura,
671 2507 829 2560 neque
873 2490 923 2543 in
967 2487 1265 2543 Traditione
1309 2486 1587 2559 quidquam
1631 2496 1723 2553 est,
1761 2503 1859 2556 quo

129 2584 208 2652 jus
251 2582 377 2636 illud
421 2582 649 2637 divinum
693 2582 899 2655 probari
942 2583 1118 2656 possit.
1177 2579 1303 2637 Sunt
1346 2578 1548 2652 quidem
1592 2580 1642 2633 in
1697 2579 1855 2633 sacris

132 2675 308 2730 litteris
353 2677 522 2749 aliqua
564 2678 670 2748 ejus
716 2677 786 2731 rei
829 2676 1078 2750 exempla,
1121 2675 1208 2730 sed
1261 2673 1453 2728 nullum
1503 2684 1859 2746 praeceptum,

141 2767 278 2822 nulla
323 2769 424 2839 lex,
467 2772 830 2844 praescriptum
874 2770 1086 2840 nullum,
1130 2769 1259 2823 unde
1302 2769 1408 2837 ejus
1457 2768 1583 2837 juris
1629 2784 1859 2840 compro-

141 2861 295 2917 bandi
341 2878 687 2934 argumentum
731 2865 805 2920 vel
849 2864 1110 2938 probabile
1154 2863 1269 2917 duci
1313 2872 1477 2933 queat.
