2114 3289
467 94 513 172 §.
541 117 724 156 xxvm.
758 118 817 154 DE
844 120 966 155 June
992 118 1212 156 camum
1240 118 1520 156 EPISGOPOS
1694 108 1766 158 99

128 223 431 278 auctoritate
460 221 686 275 Romani
715 221 980 295 Pontificis
1023 232 1375 289 assummum·j
1403 240 1507 276 non
1550 238 1648 277 esse
1684 222 1852 295 leqiti-

132 334 238 370 mos
282 327 327 371 et
354 333 496 370 ceros
538 315 832 388 EpiscopOS,
862 317 949 371 sed
968 317 1269 390 fiqnientum
1312 316 1616 384 humanum,
1643 317 1853 373 anathe-

132 428 216 464 ma
257 410 339 466 sit.
383 409 462 464 Ex
504 429 602 482 qua
646 409 933 481 dogmatica
977 410 1268 466 definitione
1311 410 1660 482 intelligimUS,
1706 431 1853 486 prae-

136 504 503 559 stantissimum
527 504 607 573 jus
635 523 741 560 esse
783 502 1004 559 Romani
1031 502 1296 559 Pontificis
1336 503 1486 558 nullis
1514 516 1599 560 aut
1641 505 1741 561 loci
1770 517 1855 561 aut.

139 599 378 671 temporis
423 598 669 654 limitibus
714 599 1148 672 circumscriptum
1192 598 1397 654 creandi
1424 599 1609 671 ubique
1645 597 1855 674 Episco-

133 710 244 764 pos,
289 693 374 764 qui
417 692 628 762 legitimi
672 712 728 747 ac
775 694 878 747 veri
921 690 1162 766 Episcopi
1207 693 1325 761 sint,
1353 704 1399 747 et
1425 692 1601 748 haberi
1646 694 1853 748 omnino

132 784 362 841 debeant.
392 785 523 840 Hinc
552 786 874 842 doctissimus
902 785 1100 842 Hallier
1125 785 1187 841 de
1214 787 1371 843 sacris
1409 786 1549 843 elect.
1574 806 1625 861 p.
1656 783 1734 842 III
1759 786 1851 842 lib.

135 879 159 935 Ι
200 900 323 938 sess,
354 885 385 936 5
414 902 524 956 cap.
555 886 590 936 4
630 877 731 954 §.1
781 901 918 940 num.
959 885 1067 939 18:
1114 885 1279 950 Certe,
1323 884 1507 957 inquit,
1550 901 1655 937 non
1697 883 1848 938 dubi-

129 984 239 1029 tant
282 975 540 1043 catholici,
569 976 718 1048 quin,
747 976 916 1050 juoeta
961 976 1313 1051 definitionem
1356 977 1681 1046 Tridentini,
1725 977 1853 1051 Epi-

132 1071 287 1143 scopi,
316 1072 405 1143 qui
430 1072 733 1127 auctoritate
777 1073 1004 1127 Romani
1047 1073 1315 1147 Pon-tificis
1356 1084 1710 1141 assumuntur,
1753 1073 1855 1128 sint

133 1166 242 1219 veri
270 1177 314 1220 et
344 1166 566 1239 leqitimi
608 1167 868 1240 Episcopi.
897 1167 961 1223 Et
987 1180 1081 1224 art.
1114 1172 1144 1223 3
1172 1162 1218 1239 §-
1248 1171 1280 1222 6
1308 1186 1446 1224 num.
1492 1170 1565 1222 45
1591 1186 1603 1223 ε
1650 1170 1856 1223 Certum

134 1271 222 1329 est,
266 1262 561 1316 Romanum
604 1261 906 1335 Pontificem
933 1278 1184 1315 summam
1227 1260 1410 1316 habere
1448 1272 1770 1333 potestatem,
1796 1271 1853 1317 ut

120 1372 220 1426 per
262 1365 420 1409 totum
465 1355 802 1409 christianum
846 1355 1018 1409 orbem
1060 1354 1335 1427 Episcopos
1377 1355 1670 1412 constituat.

215 1447 351 1505 Haec
380 1462 544 1505 autem
590 1449 840 1505 catholica
868 1449 1052 1505 veritas
1082 1447 1411 1505 confirmatur
1454 1461 1602 1524 atque
1629 1449 1852 1505 illustra-

136 1555 216 1598 tur
257 1562 368 1600 can.
404 1548 430 1597 7
460 1543 636 1599 eadem
678 1563 799 1600 5655.
832 1545 902 1600 23
929 1562 941 1599 ε
970 1543 1028 1600 Si
1064 1543 1178 1615 quis
1221 1542 1442 1614 dioeerit,
1487 1561 1587 1614 eoa,
1633 1544 1723 1615 qui
1765 1563 1856 1599 nec

132 1638 195 1692 ab
238 1637 575 1692 ecclesiastica
617 1648 662 1692 et
704 1638 953 1693 canonica
1000 1648 1247 1710 potestate
1293 1657 1407 1694 RITE
1452 1657 1712 1708 olimuA’n,
1756 1657 1856 1695 NEC

131 1753 263 1791 Missi
304 1753 450 1804 SUNT,
495 1733 583 1788 sed
624 1733 838 1787 aliunde
881 1733 1117 1800 veniunt,
1169 1732 1421 1805 leqitimos
1465 1751 1563 1789 esse
1615 1734 1765 1791 Verbi
1809 1744 1856 1789 et

131 1832 584 1885 Sacramentorum
627 1827 929 1884 Ministros:
974 1827 1248 1882 anatliema
1290 1828 1373 1885 sit.
1412 1827 1573 1899 Igitur
1612 1828 1855 1903 Episcopi

129 1942 227 1979 non
254 1942 317 1978 ex
359 1922 466 1979 sola
509 1922 825 1978 ordinatione
866 1922 1146 1994 legitimam
1189 1921 1496 1978 exercendae
1536 1923 1852 1979 auctoritatis

136 2015 453 2091 Episcopalis
481 2017 770 2072 facultatem
797 2029 1188 2089 consequuntur,
1216 2035 1356 2072 secus
1384 2016 1461 2072 vel
1487 2017 1586 2091 ipsi
1607 2017 1855 2073 schisma-

137 2111 225 2165 tici
268 2130 325 2166 ea
369 2123 611 2185 potestate
652 2110 874 2182 legitime
918 2122 1209 2182 uterentur3
1252 2110 1339 2166 sed
1382 2112 1586 2185 insuper
1627 2110 1854 2182 legitima

134 2224 301 2261 Missio
343 2206 627 2260 necessaria
670 2216 763 2274 est9
807 2224 896 2278 per
934 2223 1086 2277 quam
1127 2205 1531 2275 jurisdictionem
1576 2205 1853 2275 obtineant,

133 2303 326 2374 riteque
369 2313 647 2356 exerceant.
694 2300 804 2356 Erit
846 2303 1014 2373 itaque
1057 2302 1109 2355 in
1136 2300 1362 2356 Ecclesia
1398 2313 1616 2376 potestas
1660 2301 1853 2373 aliqua,

133 2415 261 2469 quae
304 2397 560 2452 missionis
604 2395 899 2452 tribuendae
924 2397 1004 2466 jus
1047 2396 1265 2451 habeat:
1294 2414 1393 2451 non
1437 2397 1571 2451 enim
1615 2393 1850 2451 Christus

139 2492 263 2548 satis
307 2489 562 2546 Ecclesiae
605 2510 724 2546 suae
768 2491 1116 2561 consuluisset,
1161 2492 1224 2560 si,
1277 2491 1515 2565 imposita
1559 2490 1851 2546 necessitate

137 2587 414 2656 missionis,
440 2597 734 2659 potestatem
763 2602 861 2641 non
888 2584 1220 2657 designasset,
1248 2603 1401 2658 aqua
1426 2584 1602 2640 missio
1639 2585 1851 2659 petenda

136 2692 183 2734 et
208 2679 477 2736 obtinenda
520 2690 666 2737 esset.
709 2676 864 2753 Atqui
890 2699 947 2735 ea
973 2691 1192 2754 potestas
1229 2679 1383 2736 solius
1427 2675 1648 2733 Romani
1675 2676 1853 2735 Ponti-

138 2775 244 2829 ficis
287 2776 492 2847 propria
518 2786 610 2844 est,
637 2774 789 2847 idque
814 2793 877 2829 ex
901 2774 1012 2844 jure
1039 2773 1233 2844 divino,
1261 2771 1397 2846 quod
1426 2771 1595 2828 multis
1641 2774 1849 2830 rationi-

135 2869 228 2926 bus
273 2869 644 2942 comprobatur.
688 2866 960 2927 Enimvero
1005 2880 1223 2942 potestas
1259 2866 1592 2924 creandorum
1643 2865 1852 2942 Episco-
