2114 3289
369 155 477 207 130
524 172 616 207 mn.
644 172 695 206 11.
719 171 763 207 c.
786 171 818 204 1.
849 169 908 204 DE
936 170 984 204 n.
1009 170 1269 206 PoN'rlrlcE
1297 171 1465 214 moso.
1497 171 1831 209 ADJUTORIBUS

278 275 413 347 scopi
455 273 707 329 absolvere
742 280 963 348 possunt⁴
997 289 1030 326 a
1055 272 1279 344 peccatis
1304 275 1513 329 Summo
1546 273 1789 348 Pontifici
1815 273 1990 329 =resera

276 368 408 423 ‘eatis
449 367 692 433 subditos,
720 365 810 438 qui
844 381 976 437 prae
1018 364 1342 439 infirmitate,
1368 378 1457 422 aut
1482 367 1588 423 alio
1621 368 1988 443 impedimento

276 462 348 518 ad
371 461 553 519 Sedem
581 459 926 533 Apostolicam
948 476 1215 515 recurrere
1255 473 1527 533 nequeunt.
1571 462 1671 521 Eos
1713 464 1869 535 igitur
1909 464 1999 536 qui

275 567 780 628 recurrereApossunt,
807 553 872 610 ab
915 552 1181 630 Episcopis
1225 555 1419 612 absolvi
1463 570 1727 631 nequeunt.
1772 556 1836 614 Et
1879 557 1995 629 Syl-

278 650 385 703 vius
436 645 814 705 Commentario
855 651 908 705 in
950 651 1148 705 tertiam
1190 661 1384 725 partem
1425 648 1482 707 S.
1528 649 1758 708 Thomae
1799 663 1993 725 quaest.

274 739 395 798 XX.
439 754 537 799 art.
585 744 637 800 2.
682 743 1033 812 Sacerdotem,
1060 746 1243 818 inquit,
1278 763 1382 798 non
1423 762 1617 818 semper
1651 762 1794 818 posse
1837 745 1997 801 absol-

273 854 389 890 vere
414 853 562 891 suum
603 836 886 910 subditum,
916 856 972 891 eo
1013 838 1152 909 quod
1193 839 1444 912 Superior
1479 839 1640 913 possit
1681 839 1858 911 aliqua
1899 839 1996 894 sibi

273 947 573 999 reservare,
614 931 672 986 in
713 932 895 1003 quibus
931 931 1201 1005 judicium
1242 933 1488 1005 inferiori
1538 952 1643 988 non
1700 934 1997 990 committat.

274 1025 394 1079 Esse
455 1035 625 1081 autem
684 1026 742 1080 in
793 1025 1023 1081 Ecclesia
1062 1037 1361 1100 potestatem
1403 1028 1703 1084 reservandi
1746 1028 2000 1099 quaedam

266 1129 515 1190 peccata,
578 1137 787 1192 eamque
830 1122 1226 1178 reservationem
1267 1141 1371 1177 non
1413 1133 1616 1178 tantum
1656 1122 1716 1177 in
1755 1122 1868 1194 foro
1909 1140 1999 1177 eoe-

272 1223 447 1281 terne,
489 1214 578 1269 sed
620 1215 776 1270 etiam
818 1234 993 1271 coram
1034 1221 1146 1272 Deo
1187 1217 1291 1272 vim
1333 1217 1549 1284 habere,
1594 1236 1766 1274 noc-MA
1810 1235 1999 1273 GA'rflo-

274 1326 424 1363 mcum
467 1319 536 1364 est
579 1309 848 1383 definitum
888 1311 946 1365 in
989 1312 1218 1367 Concilio
1262 1312 1572 1368 Tridentino
1613 1329 1726 1370 sess,
1769 1314 1859 1368 14.
1888 1327 1997 1384 cap.

281 1405 331 1457 7.
376 1412 422 1456 et
465 1421 578 1459 can.
630 1405 718 1460 11.
773 1403 838 1459 Et
879 1423 939 1460 ne
982 1407 1094 1478 quis
1137 1406 1264 1462 forte
1312 1418 1543 1481 putaret,
1588 1404 1880 1477 hujusmodi
1925 1424 1999 1460 re-

272 1498 640 1555 servationibus
683 1518 767 1555 eos
808 1499 1156 1557 tantummodo
1199 1503 1376 1571 teneri,
1419 1503 1507 1574 qui
1549 1500 1852 1571 delegatam,
1895 1518 1996 1556 non

276 1600 441 1646 autem
500 1609 584 1646 eos
644 1594 732 1664 qui
791 1591 1104 1649 ordinariam
1144 1593 1549 1664 jurisdictionem
1592 1593 1814 1663 habent,
1858 1593 1993 1648 idem

275 1681 464 1741 Auctor
505 1686 657 1741 citato
699 1685 810 1741 loco
836 1685 904 1740 ad
931 1687 1295 1759 quaestionem,
1321 1687 1427 1751 Qui
1461 1687 1657 1759 possint
1683 1696 1895 1759 peccata
1919 1705 1999 1742 re-

272 1794 497 1845 servare‚
543 1777 843 1853 respondet:
889 1780 959 1835 Id
1001 1797 1079 1834 eos
1112 1797 1281 1851 posse,
1312 1781 1403 1852 qui
1443 1779 1629 1835 habent
1669 1780 2000 1836 ordinariam

267 1871 691 1945 jurisdictionem
741 1873 800 1926 in
854 1874 968 1945 foro
1027 1874 1381 1931 conscientiae.
1429 1878 1556 1931 Cum
1615 1875 1753 1930 enim
1801 1875 2000 1947 possint

268 1965 693 2038 jurisdictionem
735 1967 857 2024 aliis
908 1968 1167 2040 deleqme,
1209 1979 1421 2041 possunt
1480 1969 1636 2024 etiam
1694 1968 1999 2041 ampliorem

272 2061 351 2116 cel
392 2062 698 2117 strictiorem
740 2064 1031 2121 conce-dere.
1077 2067 1250 2136 Neque
1301 2065 1463 2120 solum
1523 2065 1614 2119 hoe
1665 2074 1877 2138 possunt
1916 2082 1997 2120 re-

271 2167 441 2226 spectu
502 2174 699 2223 eorum2
744 2158 925 2228 quibus
976 2158 1233 2230 dcleyant,
1277 2159 1365 2215 sed
1408 2160 1563 2215 etiam
1622 2169 1850 2232 respectu
1908 2158 1996 2213 ha-

272 2250 499 2304 bentium
552 2251 978 2324 jurisdietionem
1037 2253 1405 2323 ordinariam,
1466 2256 1510 2310 si
1568 2255 1652 2310 illi
1712 2255 1814 2310 sint
1872 2254 1995 2327 ipsis

272 2345 562 2417 inferiores,
613 2346 756 2400 Unde
801 2349 1066 2402 Romanus
1108 2350 1360 2422 Pontifeoe
1395 2360 1558 2422 potest
1599 2367 1859 2405 reservare
1896 2349 1992 2403 sibi

272 2456 415 2492 casus
457 2449 684 2511 respectu
724 2457 1156 2513 quorumcumque
1200 2443 1589 2511 Praelatorum,
1628 2454 1673 2498 et
1716 2443 1995 2516 Episcopus

272 2543 498 2604 respectu
541 2532 913 2589 Parochorum.
940 2534 1071 2590 Hinc
1116 2535 1369 2593 Martinus
1415 2536 1461 2592 V
1502 2539 1554 2593 in
1599 2535 1828 2594 Concilio
1860 2533 1995 2592 Con-

274 2631 534 2685 stantiensi
578 2633 711 2686 circa
756 2631 905 2687 finem
947 2633 1075 2686 inter
1117 2633 1336 2705 reliquas
1379 2635 1798 2704 interrogationes
1851 2635 1993 2706 ponit

273 2724 427 2779 hanc:
478 2727 659 2779 Utrum
689 2725 864 2779 credat
905 2727 1262 2781 auctoritatem
1299 2726 1687 2800 jurisdictionis
1729 2729 1905 2798 Papae
1950 2736 1994 2780 et

273 2818 512 2890 Episcopi
562 2836 658 2873 esse
702 2819 957 2894 majorem
1007 2821 1063 2874 in
1117 2821 1373 2888 sol-vendo,
1417 2821 1726 2893 liqandoque
1769 2821 1994 2875 auctori·-

271 2920 370 2964 tate
431 2912 674 2985 simplicis
718 2915 1007 2971 Sacerdotis
1067 2916 1219 2970 etiam
1281 2915 1508 2971 habentis
1551 2934 1729 2970 curam
1789 2916 1989 2970 anima-

271 3021 404 3060 runi.
