2114 3289
647 104 691 179 ᾗ.
737 128 855 164 Lxll.
904 130 963 164 niz
1006 130 1330 166 MATnmomo
1655 117 1763 168 ‘235

129 245 260 287 ctum
303 251 426 289 esse:
472 251 642 288 omnes
689 252 802 288 vero
830 246 1112 289 contractus
1142 246 1344 308 propter
1376 233 1562 288 bouum
1589 234 1845 308 publicum

128 328 411 382 auctoritati
453 325 749 399 Principum
793 327 1039 382 obnoxios
1083 346 1210 396 esse,
1245 347 1399 400 eaque
1443 328 1503 381 de
1546 348 1695 383 causa
1740 348 1844 382 ma-

127 422 352 475 trimonii
395 431 704 474 contractum
748 440 776 474 a
804 418 1130 493 Principibus
1168 422 1367 475 irritum
1413 422 1519 476 fieri
1549 441 1708 495 posse.
1738 419 1840 477 Ne-

127 533 220 586 que
262 534 319 568 eo
363 533 502 582 casu,
548 516 618 567 uti
661 514 942 568 adversarii
987 526 1236 584 regerunt,
1281 516 1452 570 civiles
1496 516 1631 586 leges
1661 515 1842 571 Sacra-

125 621 344 664 mentum
386 611 654 679 attingunt,
698 609 785 664 sed
812 620 1121 663 contractum
1149 629 1300 664 unum
1329 611 1505 665 tollunt
1542 613 1841 684 irritamque

123 702 331 772 faciunt3
374 703 570 757 sublato
613 714 777 757 autem
820 703 958 756 civiti
1019 715 1295 772 contractu,
1354 706 1440 776 qui
1498 716 1571 759 est
1625 706 1836 760 materia

124 795 458 865 Sacramenti‚
504 798 674 868 nequit
715 794 1098 851 Sacramentum
1142 798 1357 871 amplius
1401 800 1691 867 consistere,
1719 800 1838 871 quia

123 892 230 945 sine
272 891 483 945 materia
525 891 718 944 nullum
762 888 1141 945 Sacramentum
1186 892 1466 947 conficitur.

202 983 390 1039 Verum
433 1003 638 1057 prorsus
681 1002 942 1053 negamus„
984 986 1035 1038 in
1079 986 1217 1039 civili
1266 997 1525 1041 contractu
1576 988 1839 1041 materiam

123 1077 436 1133 Sacramenti
479 1079 627 1132 sitam
671 1097 796 1146 6556,
841 1077 926 1132 sed
972 1079 1024 1132 in
1069 1091 1325 1134 contractu
1369 1079 1434 1134 ad
1476 1082 1844 1153 praescriptum

123 1171 577 1227 ecclesiasticarum
628 1172 794 1242 legum
839 1172 1109 1242 celebrato,
1168 1186 1438 1247 quaproter
1499 1172 1553 1230 S.
1615 1173 1843 1229 Thomas

121 1267 171 1321 iu
199 1266 443 1340 supplem.
475 1278 665 1338 quaest.
697 1269 771 1319 54
798 1287 871 1322 ar.
921 1270 953 1319 4
982 1267 1046 1320 ad
1079 1269 1128 1322 1:
1174 1267 1317 1322 Sicut
1345 1271 1503 1336 Deua,
1531 1269 1713 1341 inquit9
1742 1287 1843 1320 non

120 1359 390 1432 conjunyit
431 1360 568 1426 illos,
612 1361 700 1431 qui
744 1360 1134 1433 conjzmfflmlm'
1183 1373 1360 1414 contra
1412 1362 1645 1415 (licinum
1690 1381 1846 1434 prae-

120 1465 339 1526 ceptum,
384 1455 458 1508 ita
495 1474 590 1508 nec
632 1454 903 1527 conjungit
945 1455 1083 1521 illosj
1112 1456 1199 1525 qui
1244 1455 1635 1529 conjunyuatur
1669 1468 1847 1511 contra

120 1550 374 1605 Ecclesiae
394 1561 748 1623 pracceptum,
779 1552 916 1622 qaod
952 1551 1098 1606 littbet
1136 1553 1364 1606 camdem
1394 1553 1660 1623 obligandi
1687 1554 1845 1625 effica-

119 1645 275 1715 cium,
303 1663 456 1716 (ματη
500 1645 646 1699 habet
690 1645 924 1699 dirimam
945 1657 1294 1717 prcteceptmn.
1324 1644 1384 1700 Id
1427 1650 1746 1721 perspicuum
1773 1660 1845 1702 est

121 1758 183 1793 ex
225 1739 356 1795 facto
383 1751 429 1794 et
454 1759 698 1795 consensu
729 1742 880 1795 totius
906 1739 1181 1810 Ecclesiae3
1225 1761 1281 1796 ea
1326 1761 1541 1814 namque
1585 1745 1845 1799 matrimo-

120 1836 223 1903 nia,
268 1854 394 1907 quae
436 1847 608 1890 contra
636 1835 768 1905 leges
813 1856 842 1889 a
886 1832 1128 1890 Conciliis
1156 1847 1202 1890 et
1240 1835 1462 1891 Summis
1507 1835 1842 1893 Pontificibus

120 1929 247 1985 latas
275 1941 530 1984 contracta
558 1941 740 1997 essent„
763 1930 906 1983 irrita
933 1943 1168 2003 perpetuo
1191 1931 1364 1985 habita
1393 1943 1521 1986 sunt.
1548 1929 1840 1986 Saeculares

118 2023 322 2097 quidem
365 2021 630 2097 Principes
675 2035 883 2097 possunt
927 2026 1264 2079 matrimoniis
1308 2025 1664 2081 contrahendis
1707 2026 1840 2096 leges

118 2117 258 2187 dare3
301 2117 387 2172 sed
431 2137 754 2190 unaquaeque
797 2118 877 2171 lex
919 2129 1111 2173 tantum
1156 2120 1304 2188 valet,
1358 2132 1599 2192 quantum
1659 2131 1732 2175 est
1789 2123 1841 2175 in

117 2223 359 2285 potestate
402 2210 750 2282 LegislatoriS.
797 2211 924 2267 Cum
968 2214 1122 2282 igitur
1165 2214 1498 2268 saecularium
1542 2212 1839 2289 Principum

115 2318 334 2379 potestas
394 2325 471 2360 res
530 2306 876 2363 tantummodo
938 2307 1236 2380 temporales
1289 2327 1346 2362 ac
1389 2308 1561 2362 civiles
1614 2308 1841 2364 modere-

118 2412 215 2468 tur9
258 2402 579 2472 consequitur
620 2420 793 2456 eorum
836 2402 968 2470 leges
1011 2403 1146 2456 circa
1192 2403 1514 2457 matrimonia
1560 2403 1610 2456 in
1661 2402 1838 2458 ordine

117 2495 279 2549 solum
322 2495 460 2549 civili
503 2506 637 2549 ratas
680 2514 805 2563 esse9
853 2495 978 2551 adeo
1023 2508 1074 2549 ut
1118 2497 1440 2550 matrimonia
1484 2495 1723 2552 adversus
1754 2517 1836 2554 eas

115 2588 246 2658 leges
290 2590 414 2643 inita
457 2589 690 2643 civilibus
734 2588 1010 2658 effectibus,
1055 2602 1297 2662 quantum
1342 2590 1532 2644 scilicet
1567 2591 1740 2645 attinet
1769 2592 1833 2646 ad

117 2681 302 2750 dotem,
347 2685 733 2752 successionem,
778 2684 1138 2739 haereditatem
1181 2695 1227 2738 et
1282 2684 1381 2737 alia
1426 2684 1574 2753 hujus
1618 2687 1834 2755 generiS,

117 2777 390 2848 priventur:
420 2777 679 2850 spirituale
723 2790 885 2832 autem
928 2779 1196 2833 christiani
1240 2778 1549 2832 matrimonii
1582 2779 1834 2835 vinculum

117 2869 223 2939 ejus
267 2868 459 2925 ordinis
501 2882 593 2939 est,
621 2882 674 2926 ut
715 2872 886 2928 civiles
929 2872 1062 2942 leges
1107 2871 1171 2926 ad
1215 2890 1328 2927 cum
1370 2873 1651 2945 pertingere
1695 2873 1832 2929 nullo
