2114 3289
390 102 435 175 Ξ.
483 124 598 159 Lvu.
647 123 704 156 1)ss
750 122 941 157 onemo.
991 121 1217 162 Eonmio.
1264 117 1574 154 lmleTATE
1652 102 1760 152 ⁴209

124 231 187 285 ad
232 228 460 285 Concilia
502 226 869 300 Episcoporum
913 224 1094 279 referre
1137 224 1410 297 possimus,
1447 222 1593 295 plane
1636 221 1840 275 confici-

124 336 205 379 tur
245 342 356 378 eam
399 320 764 376 immunitatem
807 339 835 373 a
876 320 986 390 jure
1028 317 1202 373 divino
1244 316 1521 390 profectam
1562 333 1687 370 esse.

204 415 367 490 Atque
426 416 549 469 haec
611 415 852 469 sententia
903 413 1196 467 auctoritate
1239 408 1584 466 Conciliorum
1629 408 1842 464 mirifice

126 509 499 584 comprobatur.
561 504 796 580 Namque
857 504 1140 561 Concilium
1183 502 1540 573 Latemnense,
1584 501 1750 558 Leone
1792 500 1842 556 X

126 602 392 672 Pontifice‚
437 622 559 658 sess,
608 606 640 655 9
685 602 882 673 inquit:
929 602 1053 655 Cum
1081 617 1113 653 a
1132 598 1258 673 jure
1302 608 1407 651 tam
1449 596 1650 664 (livino,
1694 614 1849 668 quam

124 698 347 752 humano
407 696 555 752 laicis
607 705 825 767 potestas
883 693 1030 747 nulla
1086 693 1144 747 in
1202 690 1559 747 ecclesiasticas
1601 707 1849 764 personas

126 791 374 846 attributa
433 790 514 845 sit.
576 789 640 845 Et
689 787 973 844 Concilium
1017 785 1316 843 Coloniense
1358 797 1487 860 part.
1537 788 1561 839 1
1613 805 1723 860 cap.
1774 788 1845 838 20

127 885 376 955 affirmat,
436 885 804 940 immunitatem
862 901 968 938 esse
1010 881 1441 947 vetustissimam,
1479 878 1606 953 jure
1643 879 1849 952 parite-r

126 979 304 1033 divino
349 989 393 1034 et
436 978 659 1032 humano
700 976 1067 1032 introductam.
1113 973 1198 1031 Sic
1242 975 1394 1030 etiam
1421 970 1706 1029 Concilium
1733 971 1851 1028 Tri-

127 1073 386 1128 dentinum
436 1092 560 1129 sess,
608 1075 678 1125 ‘25
723 1090 833 1145 cap.
883 1073 953 1124 20
998 1070 1060 1125 de
1104 1069 1390 1124 reformat.:
1436 1066 1712 1136 Ecclesiae,
1758 1068 1849 1136 ait,

127 1177 172 1221 et
223 1184 565 1240 personarum
625 1164 1079 1220 ecclesiasticarum
1135 1162 1436 1217 immunitas
1490 1161 1590 1216 Dei
1638 1161 1852 1215 ordina-

126 1263 286 1331 tione,
330 1275 374 1318 et
416 1262 676 1317 canonicis
718 1261 1062 1316 sanctionibus
1104 1259 1377 1313 constituta
1420 1268 1508 1315 est.

207 1356 546 1413 Veruntamen
606 1354 791 1411 Clerici
840 1357 946 1410 sive
1005 1355 1178 1409 divino
1223 1355 1328 1408 sive
1387 1352 1608 1407 humano
1660 1352 1770 1421 jure
1822 1370 1850 1406 a

128 1452 238 1508 foro
299 1452 469 1506 laicali
530 1451 747 1524 exempti
806 1449 1010 1518 fuerint,
1071 1447 1198 1503 illud
1264 1447 1439 1521 procul
1500 1445 1655 1501 dubio
1717 1446 1851 1520 apud

128 1567 299 1605 omnes
342 1559 530 1603 certum
572 1558 664 1617 est,
706 1564 816 1601 eam
860 1545 1228 1601 immunitatem
1270 1562 1358 1598 nec
1402 1542 1511 1598 tolli
1554 1561 1722 1616 posse,
1761 1561 1850 1597 nec

128 1642 384 1714 abrogari.
428 1639 606 1715 Neque
648 1642 781 1696 enim
825 1640 989 1696 solum
1032 1640 1089 1707 ii,
1133 1640 1220 1711 qui
1264 1637 1327 1692 ad
1370 1637 1450 1707 jus
1481 1636 1710 1692 divinum
1743 1656 1853 1692 eam

130 1736 370 1805 referunt,
415 1737 485 1791 ita
528 1736 711 1791 sentire
757 1745 1020 1804 coguntur,
1065 1743 1328 1806 propterea
1354 1730 1488 1804 quod
1514 1732 1594 1802 jus
1621 1731 1850 1786 divinum

127 1830 366 1901 abrogari
408 1830 598 1902 nequit3
640 1828 727 1883 sed
771 1830 921 1883 etiam
963 1827 1040 1883 illi
1081 1827 1200 1899 ipsi,
1244 1826 1331 1898 qui
1374 1845 1402 1881 a
1454 1826 1564 1895 jure
1625 1826 1847 1881 humano

127 1924 386 1981 inductam
428 1923 582 1978 fuisse
624 1922 947 1991 contendunt,
990 1920 1123 1976 idem
1168 1920 1371 1975 omnino
1432 1920 1668 1989 sentiunt,
1734 1921 1853 1992 quia

127 2019 254 2074 utile
280 2019 488 2090 quidem
514 2029 603 2085 est,
632 2028 684 2072 ut
710 2017 892 2089 iniquit
925 2013 1265 2072 Covarruvias
1292 2024 1450 2088 pract.
1478 2024 1669 2086 quaest.
1698 2015 1849 2069 citato

130 2133 241 2188 cap.
289 2116 354 2169 31
415 2131 552 2168 num.
600 2117 655 2181 3,
700 2122 744 2165 et
788 2110 1006 2181 denique
1049 2107 1390 2163 necessarium
1434 2108 1505 2162 ad
1554 2107 1767 2162 liberius
1810 2119 1857 2162 et

132 2208 319 2262 rectius
359 2205 764 2261 ministrandum
806 2203 1066 2271 Ecclesiis2
1109 2203 1249 2275 quod
1289 2201 1475 2258 Clerici
1502 2212 1548 2256 et
1575 2220 1749 2257 eorum
1775 2220 1855 2257 res

105 2302 229 2357 esim
271 2320 304 2356 a
357 2301 627 2375 judicibus
686 2299 1033 2354 saecularibus
1091 2298 1344 2353 immunes
1352 2339 1373 2365 ,
1426 2297 1734 2370 praesertim
1795 2315 1852 2350 eo

130 2396 268 2469 quod
308 2395 428 2451 haec
471 2395 770 2449 immunitas
812 2394 1102 2448 maximam
1137 2393 1392 2465 oriyinem
1418 2392 1571 2446 ducat
1610 2410 1642 2445 a
1668 2390 1859 2445 divinis

130 2491 310 2545 veteris
355 2489 664 2545 Testamenti
705 2488 1133 2554 institutionibusj
1177 2505 1210 2541 a
1269 2490 1575 2544 Sanctorum
1634 2487 1854 2539 Patrum

130 2585 451 2651 testimoniisj
496 2602 528 2638 a
546 2584 862 2656 publicisque
899 2587 1282 2655 Imperatorum
1307 2579 1633 2652 quorundam
1661 2597 1855 2632 conces-

132 2679 377 2746 sionibus,
420 2690 475 2733 ut
518 2679 723 2732 tandem
767 2689 898 2732 totus
938 2678 1044 2750 fere
1087 2677 1222 2732 orbis
1263 2674 1570 2729 christianus
1618 2673 1676 2727 in
1727 2673 1856 2727 banc

132 2773 505 2845 exemptionem
576 2784 788 2845 propter
857 2772 1123 2845 publicam
1180 2769 1458 2825 utilitatem
1527 2767 1849 2824 consenserit.

134 2865 280 2936 Quae
331 2867 534 2940 quidem
587 2869 802 2924 rationes
866 2865 990 2923 adeo
1052 2884 1230 2938 graves
1292 2863 1456 2920 eidem
1508 2860 1852 2919 Covarruviae

1338 2959 1410 3011 14
