2114 3289
341 146 413 197 72
582 162 697 198 GAP.
743 159 795 195 11.
843 158 904 194 m:
948 157 1192 194 Fourmus
1234 158 1371 194 sorus
1415 157 1658 195 GANoruct

251 267 407 336 bent3
452 265 627 339 quales
671 273 786 318 sunt
837 260 1199 330 salutationes,
1261 262 1468 332 sigilla,
1530 261 1709 330 filum,
1769 260 1979 332 charta,

251 360 417 415 forma
477 359 796 424 litterarum,
858 354 1201 428 subscriptio,
1261 353 1417 425 data,
1462 355 1661 428 aliaque
1706 353 1760 409 id
1803 372 1980 425 genus·

251 453 510 516 Falsitatis
572 469 687 505 vero
751 461 897 505 notae
949 460 1082 504 sunt:
1131 445 1214 504 1.O
1260 446 1318 503 Si
1360 449 1604 522 rescripta
1647 449 1699 503 in
1742 449 1853 504 loco
1897 467 1980 504 su-

254 559 422 622 specto
475 545 659 600 abrasa
712 556 796 599 aut
840 545 1016 598 vitiata
1060 554 1372 617 appareant3
1415 542 1555 597 locus
1599 555 1764 598 autem
1807 561 1985 617 suspe-

251 655 358 698 ctus
407 652 507 709 est,
551 658 651 712 quo
694 638 1073 707 sztbstavitiali5‚
1118 649 1171 691 ut
1212 638 1380 708 ajunt,
1425 637 1656 710 rescripti
1698 657 1815 710 pars
1860 656 1980 693 con-

253 738 472 803 tinetur,
516 733 602 788 ubi
647 735 888 788 nimirum
932 730 1170 787 Pontifex
1212 731 1436 786 declarat
1486 730 1646 803 quid„
1698 744 1978 804 quantum,

251 829 433 903 quibus
497 826 661 892 modis
721 839 767 881 et
828 826 1202 881 conditionibus
1255 825 1517 880 rescribat.
1575 822 1657 881 2⁰
1709 823 1765 880 Si
1807 827 1979 896 gravis

253 936 299 979 et
350 921 645 978 manifestus
709 941 850 976 error
908 921 1175 975 latinitatis
1238 931 1485 975 occurrat.
1549 919 1744 984 Quibus
1802 919 1984 974 litteris

253 1017 462 1082 nostris³
490 1019 561 1071 ait
594 1015 833 1070 Pontifex
876 1035 919 1070 c,
955 1017 1034 1076 *11
1086 1014 1148 1069 de
1193 1017 1452 1088 rescript.9
1497 1033 1612 1067 cum
1654 1013 2011 1086 manifestuiw

256 1112 513 1165 continent
554 1111 606 1163 in
652 1110 1025 1163 constructione
1069 1120 1375 1181 peccatum,
1423 1110 1579 1182 fidem
1640 1119 1684 1161 te
1741 1109 1982 1162 nolumus

254 1206 514 1262 adhibere.
571 1204 627 1258 ln
671 1224 819 1278 quem
862 1206 1028 1260 locum
1071 1206 1143 1258 sic
1188 1204 1339 1259 habet
1383 1201 1602 1259 Glossa:
1649 1206 1800 1258 Patet
1842 1204 1981 1275 quod

254 1301 440 1355 vitium
465 1299 737 1354 latinitatis
778 1298 928 1352 vitiat
966 1298 1291 1370 rescriptum.
1337 1299 1440 1354 Sed
1475 1309 1693 1371 propter
1721 1297 1982 1352 vitodicum

257 1396 507 1468 defectum
550 1394 626 1448 vel
667 1411 932 1459 errorem,
977 1392 1066 1464 qui
1106 1393 1183 1446 rel
1226 1391 1503 1465 scriptori,
1547 1394 1625 1447 vel
1666 1392 1858 1448 nimiae
1902 1411 1982 1447 oc-

259 1489 524 1562 cupationi
570 1487 727 1542 tribui
768 1498 973 1560 polest,
1036 1487 1340 1560 rescriptmn
1398 1506 1502 1540 non
1561 1487 1793 1544 vitiatur.
1849 1487 1983 1542 Hinc

253 1584 511 1640 Honorius
557 1582 633 1637 ΙΙΙ
678 1603 721 1638 c.
772 1585 836 1635 11
889 1583 949 1636 de
995 1581 1093 1636 fide
1136 1583 1450 1638 instrument.
1498 1582 1793 1656 respondit:
1846 1582 1983 1647 Quia

261 1679 566 1751 rescriplwn
625 1676 956 1749 apostolicum
979 1719 1000 1743 ,
1054 1695 1155 1749 pro
1216 1696 1272 1730 eo
1331 1677 1469 1747 quod
1518 1677 1574 1729 in
1626 1676 1721 1730 hac
1763 1676 1984 1731 dictione

252 1775 714 1830 SPOLIARUNT
754 1773 876 1826 llaec
914 1773 1086 1845 figura
1113 1775 1156 1827 Ο
1183 1772 1379 1839 deerat,
1424 1771 1670 1826 asseritur
1710 1772 1982 1842 vitiosum,-

255 1869 561 1922 mandamus
620 1878 871 1938 quatenns
930 1867 1020 1920 lzoc
1082 1885 1180 1920 non
1243 1868 1469 1921 obstante
1526 1867 1581 1919 in
1628 1867 1827 1938 iieyotio
1868 1866 1982 1939 ipso

250 1963 463 2035 praevia
506 1962 705 2015 ratione
744 1962 1017 2034 procedas,
1085 1959 1167 2017 3.Ο
1230 1960 1285 2017 Si
1343 1963 1423 2032 jus
1484 1963 1628 2017 tertio
1690 1964 1981 2034 quaesitum

252 2058 541 2126 adimatur3
603 2076 719 2111 nam
781 2057 981 2127 regulae
1040 2056 1101 2111 de
1159 2057 1269 2126 jure
1331 2057 1557 2129 quaesito
1612 2075 1710 2111 non
1756 2056 1978 2112 tollendo

252 2152 495 2222 derogare
539 2151 775 2207 Pontifex
818 2171 914 2207 non
961 2164 1206 2220 censetur,
1253 2153 1485 2224 quamvis
1531 2152 1828 2224 rescriptum
1871 2151 1980 2205 edi-

252 2248 381 2303 derit
424 2260 559 2303 motu
605 2249 829 2320 proprio,
873 2260 919 2302 et
961 2267 1023 2301 ex
1066 2259 1200 2302 certa
1244 2249 1481 2315 scientia,
1526 2259 1609 2301 aut
1652 2246 1714 2300 de
1758 2247 1973 2320 plenitu-

255 2343 370 2397 dine
412 2344 705 2416 potcstatis‚
750 2360 861 2396 cuin
906 2341 1230 2412 derogatione
1275 2340 1733 2397 Constitutionibus
1777 2353 1977 2414 aposto-

254 2439 364 2493 licis
399 2450 445 2492 et
472 2436 682 2506 Regulis
727 2434 1092 2504 Cancellariae„
1120 2438 1270 2490 etiam
1314 2456 1427 2491 cum
1470 2436 1695 2491 clausula
1739 2437 1982 2499 Quorum

255 2546 478 2588 tenorem
538 2544 667 2599 ete„
729 2531 941 2602 aliisque
1000 2530 1317 2598 generalibus
1378 2530 1809 2601 derogationibus,
1875 2527 1978 2585 Sed

256 2646 460 2702 prorsus
522 2646 645 2699 opus
699 2636 805 2693 est,
851 2636 902 2678 ut
944 2625 1042 2697 ipsi
1088 2625 1287 2695 regulae
1330 2624 1392 2678 de
1430 2624 1556 2697 jare
1596 2624 1826 2695 quaesito
1868 2642 1974 2677 non

257 2722 480 2775 tollendo
536 2721 786 2794 expressis
851 2719 1014 2773 verbis
1058 2718 1361 2788 derogetur,
1405 2738 1504 2791 quo
1547 2738 1667 2773 casu
1709 2718 1973 2789 derogatio

258 2817 495 2889 prodest,
539 2817 581 2869 si
625 2814 685 2868 de
729 2814 928 2888 publica
973 2833 1123 2867 causa
1167 2825 1381 2882 agatur,
1426 2815 1473 2866 in
1536 2832 1633 2884 qua
1693 2813 1772 2881 jus
1835 2814 1971 2867 tertii

258 2912 354 2979 juri
400 2910 597 2981 publico
644 2910 975 2982 postponitur.
1039 2907 1102 2961 At
1146 2909 1187 2960 si
1231 2908 1291 2962 de
1335 2909 1499 2962 causis
1545 2909 1754 2979 privatis
1800 2926 1970 2977 agere-
