2114 3289
368 119 478 171 176
541 136 634 173 LIB.
662 137 716 172 ΙΙ.
746 138 791 172 G.
819 136 871 171 ΙΙ.
905 136 964 172 DE
994 135 1154 172 EPISG.
1186 137 1413 180 EORUMQ.
1445 140 1553 175 JUH.
1587 141 1644 174 ET
1675 141 1884 177 oFFlctts

1045 234 1091 310 §-
1138 241 1230 294 46.

871 372 945 419 DE
983 373 1414 420 METROPOLITIS

354 519 683 594 Metropolita
743 533 817 576 est
860 522 1081 578 civitatis
1141 520 1463 597 MetropoliS,
1527 527 1633 581 sive
1691 527 1911 583 civitatis
1953 527 2006 582 in

276 615 537 690 provincia
580 617 846 690 principiS,
874 615 1157 691 Episcopus
1201 618 1288 690 qui
1323 620 1415 674 toti
1459 621 1750 693 provinciae
1791 634 2006 696 praeest.

274 707 348 763 De
390 707 832 783 Metropolitarum
882 712 1078 782 origine
1121 710 1366 768 Doctores
1419 713 1701 787 disputant,
1745 735 1866 771 num
1910 717 2007 771 sci-

272 803 389 858 licet
429 823 487 859 ea
547 803 770 875 dignitas
815 805 879 860 ab
939 803 1221 880 ApostoliS,
1266 826 1331 861 an
1384 820 1498 881 post
1559 828 1734 863 eorum
1794 822 2005 865 aetatem

275 899 339 954 ab
381 897 610 954 Ecclesia
646 900 874 955 instituta
900 898 1068 955 fuerit.
1113 897 1224 956 Nos
1252 920 1426 956 eorum
1453 904 1753 958 sententiam
1796 904 2008 959 firmiter

274 1005 519 1063 tenemus,
563 995 649 1066 qui
675 991 948 1068 Apostolos
976 994 1290 1050 arbitrantur
1316 997 2006 1071 metropoliticae·dignitatis

271 1100 498 1144 auctores
525 1089 770 1145 extitisse.
816 1087 982 1160 Hujus
1016 1085 1340 1163 Apostolicae
1366 1092 1697 1147 institutionis
1733 1092 2006 1165 specimen,

269 1182 495 1255 illudque
553 1185 894 1258 perspicuum,
937 1184 1143 1240 exhibet
1201 1183 1391 1241 factum
1434 1183 1489 1242 S.
1536 1184 1687 1242 Pauli
1749 1184 2005 1260 Apostoli,

271 1278 358 1350 qui
400 1276 574 1333 Titum
617 1280 709 1335 toti
750 1280 946 1335 insulae
989 1276 1188 1349 Cretae,
1223 1291 1269 1335 et
1311 1278 1640 1336 Timotheum
1666 1283 1757 1337 toti
1799 1283 2007 1355 provin-

271 1374 379 1427 ciae
421 1372 574 1428 Asiae
616 1373 875 1448 praefecit.
921 1373 1031 1430 Hac
1074 1387 1241 1431 tamen
1285 1375 1348 1430 de
1392 1394 1444 1430 re
1487 1394 1588 1431 non
1641 1377 1817 1431 attinet
1859 1377 2005 1450 plura

267 1467 454 1537 dicere,
481 1487 697 1541 namque
741 1482 1057 1540 argumenta,
1101 1489 1229 1543 quae
1265 1469 1330 1525 ad
1374 1470 1740 1526 ostendendam
1783 1473 2004 1545 Aposto-

266 1562 416 1617 licam
444 1561 867 1618 Patriarcharum
894 1565 1144 1635 originem
1169 1565 1275 1634 jam
1304 1564 1584 1633 attulimus,
1613 1566 1743 1620 hanc
1772 1578 1998 1621 nostram

271 1660 568 1714 sententiam
614 1660 829 1714 mirifice
873 1660 1193 1716 confirmant.

353 1750 518 1808 Porro
563 1752 919 1828 Metropolitae
962 1772 1025 1809 ex
1053 1755 1239 1824 vigenti
1283 1753 1575 1828 disciplina,
1619 1766 1666 1809 et
1707 1756 2004 1829 praesertim

269 1866 332 1901 ex
373 1846 705 1903 Tridentinae
749 1846 946 1918 Synodi
991 1848 1206 1904 decretis
1250 1850 1302 1904 in
1333 1868 1506 1905 omnes
1550 1869 1669 1904 suae
1713 1851 2003 1923 provinciae

270 1940 551 2016 Episcopos
594 1942 1000 2012 jurisdictionem
1026 1944 1232 2000 habent.
1277 1942 1466 2015 Magna
1495 1944 1700 2017 quidem
1743 1944 1837 1999 fuit
1879 1945 2002 2000 olim

270 2034 715 2110 Metropolitarum
761 2039 1036 2093 auctoritas
1063 2041 1115 2093 in
1143 2058 1259 2094 suos
1286 2037 1568 2113 Episcopos
1604 2038 2000 2110 Suffraganeos3

272 2150 487 2203 namque
532 2131 773 2205 Episcopi
818 2132 1127 2203 suffraganei
1181 2133 1315 2209 apud
1362 2153 1478 2190 suos
1523 2132 1876 2208 Metropolitas
1921 2153 2002 2188 ac-

267 2228 435 2281 cusari
478 2226 748 2297 debebant,
792 2247 903 2284 can.
937 2233 963 2282 7
996 2226 1214 2284 Concilii
1243 2227 1683 2299 Carthaginiensis
1729 2226 1827 2298 III,
1875 2228 1999 2301 quin

272 2322 377 2376 imo
423 2321 487 2375 al)
531 2322 603 2376 eis
664 2325 1096 2378 excommunicari
1158 2335 1389 2398 poterant
1432 2319 1579 2397 (cap.
1645 2326 1720 2378 52
1764 2323 1826 2378 (le
1878 2332 2001 2379 sent.

270 2434 595 2471 excommun„
623 2412 663 2485 ).
708 2414 772 2469 At
817 2435 932 2471 vero
977 2415 1266 2481 Concilium
1307 2417 1352 2471 T
1359 2418 1665 2472 ridentinum
1707 2417 2002 2488 judicialem

270 2509 713 2584 Metropolitanum
774 2522 1070 2584 potestatem
1131 2513 1424 2581 imminuit,
1478 2530 1594 2566 nam
1639 2531 1749 2586 cap.
1798 2516 1828 2564 8
1876 2531 1999 2566 sess.

275 2607 343 2659 13
390 2604 452 2658 de
515 2604 745 2674 reform,
788 2616 834 2659 et
876 2604 1073 2678 plenius
1137 2625 1259 2660 sess.
1310 2609 1382 2658 24
1428 2625 1538 2679 cap.
1586 2609 1617 2659 5
1665 2606 1906 2674 decrevit,
1952 2619 2003 2660 ut

268 2716 449 2753 causae
493 2698 787 2753 criminales
829 2693 1089 2771 mambres
1115 2710 1294 2753 contra
1337 2700 1632 2772 Episcoposr,
1676 2717 1805 2769 quae
1850 2699 2002 2771 depo-

268 2793 450 2847 sitione
476 2804 566 2847 aut
600 2793 896 2865 privatione
923 2794 1111 2865 (liqnae
1137 2794 1261 2859 sint,
1306 2793 1368 2848 ab
1401 2794 1510 2865 ipso
1545 2803 1745 2847 tamum
1788 2799 1999 2849 Summo

271 2889 505 2942 Romano
557 2888 804 2961 Pontifice
858 2899 1226 2960 coynoscanlur
1269 2899 1314 2943 ec
1356 2887 1715 2943 terminentur.
1770 2889 1999 2946 Minores
