2114 3289
313 118 426 169 274

216 236 550 299 Episcoporum
594 233 776 298 Officia.
828 236 1038 282 Docendi
1093 234 1200 283 185.
1252 237 1554 295 Approbandi
1602 240 1967 288 concionatores

354 318 464 365 185.
492 316 754 375 Vigilandi‚
779 329 837 362 ne
861 316 973 374 quid
998 316 1211 362 tradatur
1233 323 1398 363 contra
1423 319 1558 365 fidem
1585 326 1631 365 et
1655 332 1819 366 mores.
1851 320 1960 367 186.

349 401 399 445 In
423 397 705 444 Seminariis
743 404 788 443 et
822 397 1050 456 Collegiis
1085 398 1368 456 designandi
1406 406 1452 445 et
1487 401 1776 458 approbandi
1813 404 1968 461 magi-

349 488 488 535 stros,
527 486 574 525 et
609 480 961 536 praescribendi
1000 493 1072 535 ea,
1097 492 1217 537 quae
1254 481 1516 527 doceantur
1550 483 1665 528 ibid.
1692 484 1845 529 Dandi
1883 498 1964 531 ve-

348 562 475 607 niam
512 561 737 606 librorum
776 561 1060 606 edendorum
1101 561 1215 606 ibid.
1241 561 1491 619 Nequeunt
1525 563 1692 609 dubias
1714 565 1820 610 fidei
1861 578 1964 611 mo-

345 655 539 699 rumque
563 642 867 698 quaestiones
898 642 1091 687 definire
1134 642 1238 688 186.
1267 643 1464 700 Reliqua
1488 644 1830 703 Episcoporum
1855 645 1964 692 offi-

342 724 415 768 cia
456 722 567 766 ibid.
617 722 889 767 Residentia
927 725 973 767 in
1013 724 1228 769 Dioecesi
1285 723 1391 769 187.
1445 725 1664 770 Visitatio
1716 727 1960 773 Dioecesis

345 804 458 848 ibid.

209 884 544 946 Episcoporum
577 885 716 929 Jurn.
768 885 848 930 Jus
900 882 1117 941 jubendi,
1170 885 1391 943 legesque
1443 884 1623 932 ferendi
1682 887 1788 933 188.
1838 890 1958 935 Num

343 967 489 1025 legeS‚
515 974 648 1012 extra
686 966 928 1023 Synodum
954 966 1098 1021 latae,
1125 967 1219 1011 sint
1259 974 1512 1025 perpetuae
1557 968 1662 1013 189.
1690 969 1859 1014 Eorum
1893 971 1963 1015 le-

343 1061 426 1107 ges
447 1045 543 1105 juri
568 1048 806 1093 communi
832 1049 1099 1093 contrariae
1133 1055 1242 1094 sunt
1265 1048 1428 1094 irritae
1469 1048 1573 1093 190.
1599 1049 1680 1095 Jus
1711 1047 1961 1107 judicandi

344 1138 391 1177 et
427 1131 654 1188 puniendi
697 1131 805 1175 190.
843 1131 924 1176 Jus
959 1131 1266 1189 dispensandi
1304 1133 1352 1176 in
1390 1132 1575 1190 legibus
1623 1134 1679 1177 ab
1717 1146 1785 1187 se,
1826 1134 1896 1179 vel
1937 1146 1961 1178 3

344 1213 441 1258 51115
466 1212 910 1257 Praedecessoribus
934 1212 1074 1257 etiam
1100 1212 1150 1257 in
1175 1212 1366 1270 Synodo
1391 1213 1681 1259 Dioecesana
1708 1214 1818 1259 latis
1850 1214 1955 1258 191.

342 1295 443 1339 Non
493 1294 771 1351 dispensant
815 1293 863 1338 in
899 1293 1083 1352 legibus
1120 1294 1395 1340 Pontificum
1435 1300 1479 1339 et
1515 1295 1836 1340 Conciliorum
1873 1308 1958 1353 ge-

341 1376 591 1429 neralium,
618 1376 716 1421 sive
750 1376 796 1419 in
832 1372 939 1432 jure
975 1377 1213 1421 communi
1258 1374 1363 1419 192.
1404 1376 1453 1420 In
1492 1376 1730 1433 aliquibus
1766 1377 1954 1421 casibus

339 1458 617 1514 dispensant
668 1457 808 1501 etiam
861 1457 908 1500 in
945 1453 1051 1512 jure
1087 1457 1327 1502 communi
1371 1455 1458 1500 193
1498 1463 1543 1502 et
1580 1469 1710 1514 seqq.
1753 1458 1819 1502 An
1857 1458 1959 1502 dis-

347 1544 550 1596 pensent
596 1536 649 1581 in
684 1535 824 1582 dubio
867 1537 974 1582 195.
1013 1538 1083 1583 An
1120 1537 1423 1595 dispensent,
1460 1537 1647 1595 quando
1693 1539 1958 1596 Legislator

343 1620 434 1664 sibi
471 1620 875 1676 dispensationem
911 1632 1005 1663 non
1043 1619 1303 1664 reservavit
1342 1618 1446 1664 196.
1485 1619 1567 1664 Jus
1591 1619 1955 1664 administrandi

350 1699 459 1744 197.
499 1700 628 1753 Quae
665 1713 739 1745 res
775 1700 862 1745 boc
898 1695 1004 1756 jure
1041 1700 1377 1744 contineantur
1419 1699 1507 1744 197
1546 1706 1592 1745 et
1627 1712 1757 1757 seqq.

283 1781 505 1838 Episcopi
545 1781 779 1835 titulares,
817 1781 915 1826 sive
954 1780 1001 1825 in
1039 1781 1252 1838 partibus
1289 1780 1547 1826 infidelium
1589 1780 1697 1826 182.

279 1862 483 1908 Exarchi
529 1863 632 1907 174.

213 1943 674 1989 EoeconmzunicotiO.
714 1944 817 1988 Vid.
856 1945 1110 1990 Censurae.

208 2024 558 2085 Eoeemplz'ones.
599 2028 663 2070 De
700 2023 806 2082 jure
844 2026 1083 2070 Pontificis
1121 2037 1200 2070 eas
1235 2025 1526 2070 concedendi
1568 2023 1661 2070 138
1697 2031 1743 2070 et
1780 2037 1911 2083 seqq.

1057 2108 1104 2153 F.

270 2193 436 2273 Forum
488 2192 860 2238 ecclesiasticum
910 2192 1158 2238 criminale
1203 2205 1387 2250 semper
1422 2204 1446 2237 a
1483 2190 1584 2238 soro
1619 2191 1953 2250 poenitentiali

337 2273 613 2319 distinctum
650 2273 710 2317 24
753 2280 798 2318 ct
833 2286 963 2331 seqq.

1053 2355 1108 2399 H.

271 2436 547 2483 Hierarcliia
585 2436 776 2481 Ordinis
813 2437 1045 2482 divinitus
1082 2436 1303 2482 instituta
1344 2435 1420 2481 17.

1064 2519 1096 2562 Ι.

201 2599 487 2646 Jurisdictio
523 2599 854 2646 ecclesiastica.
894 2597 1009 2657 Ejus
1061 2601 1272 2646 definitio
1328 2601 1402 2646 18.
1441 2601 1506 2645 Ad
1545 2612 1648 2646 eam
1686 2598 1943 2656 acquiren-

338 2683 443 2727 dam
481 2682 748 2727 necessaria
788 2688 884 2727 tum
922 2682 1181 2735 ordinatio,
1218 2689 1315 2726 tum
1354 2682 1516 2727 missio
1558 2680 1634 2725 19.

203 2765 289 2807 Jus
322 2762 559 2824 publicum
595 2770 635 2808 et
666 2762 930 2823 privatum.
970 2763 1222 2819 Utriusque
1258 2763 1390 2807 notio
1428 2763 1453 2806 4
1494 2768 1540 2808 et
1575 2762 1621 2812 6.

266 2842 604 2901 Jusjurandum
642 2845 983 2902 Episcoporum
1034 2843 1276 2888 fidelitatis
1322 2850 1367 2888 et
1403 2843 1703 2888 obedientiae
1740 2843 1951 2887 Romano

336 2927 546 2971 Pontifici
587 2926 698 2970 222.
737 2923 961 2981 Ejusdem
1000 2926 1262 2981 antiquitas
1299 2931 1346 2970 et
1382 2925 1602 2982 aequitas
1641 2924 1754 2969 ibid.
