2114 3289
0 2849 17 2875 ,ἔ

0 2879 14 2894 Ι,

0 2877 50 3039 ¹3}

0 2964 17 2984 .-

589 149 634 223 ᾗ.
680 172 827 209 xxvl.
875 172 933 207 DE
980 172 1192 208 PLAG1T0
1236 173 1388 208 nno-10
1692 158 1761 207 65

203 276 305 333 Pro
349 277 589 332 sententia
633 288 802 331 nostra
848 274 960 330 vide
1006 273 1260 345 Zallinger
1303 277 1419 330 Jur.
1453 272 1569 329 eccl.
1608 273 1753 345 publ.
1799 274 1832 329 l.

131 377 175 427 V
212 367 255 442 §-
303 373 436 438 401,
480 382 525 424 et
569 369 986 441 Amifebronium
1027 369 1344 423 vindicatum
1391 379 1511 424 tom.
1576 372 1657 424 IV
1716 369 1839 422 diss,

126 467 199 518 12
242 483 350 536 cap.
400 467 432 516 ‘2
475 482 616 519 num..
665 468 721 529 3,
767 463 899 537 apud
944 482 1068 535 quos
1112 464 1333 518 invenies
1363 464 1513 517 etiam
1549 474 1841 533 argumenta

121 559 370 615 contraria
413 557 557 613 docte
600 558 856 631 periteque
901 556 1173 612 confutata.

879 728 925 803 g,
976 734 1066 787 27.

754 868 827 914 DE
874 865 1210 913 RESCRIPTIS

195 1030 562 1087 Ecclesiasticis
607 1028 1063 1086 Constitutionibus
1125 1029 1449 1100 adjungimus
1513 1027 1839 1085 Summorum

117 1124 422 1181 Pontificum
464 1123 750 1198 Rescripta,
794 1143 921 1197 quae
964 1135 1076 1178 sunt
1119 1124 1361 1198 speciales
1405 1123 1654 1196 quaedam
1707 1121 1839 1179 Con-

116 1222 416 1289 stitutiones‚
460 1219 642 1292 quibus
685 1219 783 1292 ipsi
826 1217 1099 1273 Pontifices
1144 1218 1395 1272 interdum
1438 1230 1575 1273 motu
1610 1220 1837 1292 propriO‚

116 1314 410 1388 plerumque
452 1325 616 1368 tamen
662 1313 737 1366 vel
782 1312 843 1366 de
883 1313 994 1383 jure
1036 1312 1274 1381 ambiguo
1319 1311 1553 1380 consulti,
1608 1311 1683 1366 vel
1729 1331 1839 1385 pre-

117 1408 257 1464 cibus
318 1408 530 1482 permoti
592 1405 656 1461 ad
716 1418 875 1462 certas
936 1424 1175 1479 personas
1236 1405 1535 1461 rescribunt.
1591 1404 1665 1461 Ea
1709 1425 1836 1478 quae

115 1501 353 1558 Pontifex
396 1501 597 1575 scriptis
642 1500 868 1570 mandat9
912 1519 1025 1555 cum
1068 1500 1129 1555 de
1170 1500 1280 1570 jure
1314 1499 1600 1574 respondet,
1636 1500 1838 1555 Rescri-

107 1608 204 1670 pta
239 1595 500 1670 justitiaej
561 1614 673 1651 cum
733 1595 964 1670 precibus
1026 1594 1271 1666 indulget,
1315 1595 1586 1667 Rescripta
1638 1595 1836 1667 gratiae

111 1691 362 1748 dicuntur.
409 1689 569 1762 Igitur
610 1691 867 1764 rescriptis
910 1691 1132 1760 justitiae
1175 1689 1254 1759 jus
1282 1689 1492 1744 dubium
1528 1690 1829 1763 explicatur,

111 1787 428 1859 quaestiones
471 1785 758 1859 propositae
802 1784 1167 1852 dissolvuntur,
1197 1783 1273 1838 vel
1304 1783 1368 1838 ad
1395 1783 1607 1854 alicujus
1636 1785 1833 1858 petitio-

110 1899 222 1935 nem
263 1879 419 1950 judex
461 1878 735 1950 delegatur.
779 1877 1060 1953 Rescriptis
1102 1879 1296 1950 gratiae
1323 1877 1640 1947 beneficium,
1677 1879 1833 1951 privi-

108 1975 315 2046 legium,
359 1985 444 2029 aut
484 1975 650 2045 gratia
693 1992 1035 2047 quaecumque
1078 1971 1385 2027 conceditur.

188 2068 455 2143 Rescripta
499 2088 614 2124 vero
658 2089 749 2143 pro
794 2070 935 2123 varia
978 2068 1294 2137 negotiorum
1335 2067 1601 2137 gravitate,
1643 2067 1719 2121 vel
1747 2087 1834 2142 per

110 2164 390 2238 simplicem
434 2161 771 2237 Scripturam,
816 2162 891 2217 vel
936 2180 1024 2235 per
1064 2159 1240 2215 Bullas
1302 2173 1387 2216 aut
1446 2158 1629 2216 Brevia
1683 2181 1832 2236 expe-

111 2257 333 2314 diuntur.

868 2428 914 2504 g,
965 2435 1056 2489 28.

336 2570 408 2616 DE
448 2569 849 2616 AUCTORITATE
890 2570 963 2615 ET
1002 2569 1114 2616 USU
1150 2567 1595 2615 RESCRIPTORUM

185 2730 240 2786 In
284 2732 402 2788 Jure
445 2734 582 2789 civili
627 2735 797 2805 regula
840 2733 994 2790 fuisse
1049 2734 1264 2802 videtur,
1329 2733 1568 2804 rescripta
1632 2742 1819 2784 tantum

103 2827 183 2896 jus
227 2825 387 2882 facere
430 2829 481 2882 in
525 2830 586 2883 iis
632 2830 795 2883 causis
822 2840 870 2882 et
895 2829 1144 2902 personis9
1175 2848 1264 2902 pro
1309 2826 1490 2899 quihus
1517 2823 1650 2878 edita
1687 2836 1819 2891 sunt;

105 2920 202 2975 nisi
231 2920 280 2974 in
310 2917 522 2977 Codices
564 2922 766 2995 publica
792 2924 1087 2979 auctoritate
1114 2921 1478 2991 redigerentur,
1512 2930 1593 2973 aut
1622 2917 1816 2990 aliquid

1352 3018 1382 3066 6
