2114 3289
374 138 485 192 106
616 156 731 192 CAP.
757 155 826 190 111.
859 155 918 189 DE
949 151 1190 191 COLLEGT.
1222 154 1438 191 SAGROR.
1469 155 1715 192 cANoutm

287 259 593 333 baptismum
635 258 699 312 al)
761 257 1027 311 haereticis
1079 257 1318 312 collatum
1376 259 1548 313 iterari
1606 259 1799 329 jubent,
1831 271 2008 332 -atque

286 353 388 407 alia
431 354 483 408 id
526 372 681 423 genus
727 350 1005 424 proferunt,
1051 363 1247 424 praeter
1288 371 1481 407 errores
1525 352 1649 407 hene
1685 353 1868 408 multos
1895 372 2008 407 cum

284 447 572 514 historicOS,
618 457 721 498 tum
765 445 1173 515 chronologicOS,
1236 464 1361 517 quos
1436 446 1634 501 silentio
1698 448 2010 520 praetermit-

292 543 459 595 timus.
522 538 684 609 Igitur
743 536 1139 594 Constitutiones
1202 538 1516 609 hujusmodi,
1578 541 1749 612 quales
1811 541 1875 595 ad
1921 559 2009 596 nos

282 644 627 708 pervenerunt,
691 652 777 687 nec
840 632 1136 706 ApostoliS,
1197 652 1286 687 nec
1349 630 1404 688 S.
1467 631 1714 688 Clementi
1773 634 2007 690 Romano

283 727 506 782 adscribi
550 739 777 800 possunt.

355 819 712 875 Verumtamen
757 821 818 876 de
880 823 1106 894 ipsarum
1167 822 1361 891 origine
1415 833 1462 876 et
1520 821 1637 876 fatis
1699 841 1775 876 res
1819 842 1998 897 parum

277 927 530 988 comperta
575 928 664 971 est.
713 914 766 971 S.
812 914 1152 989 Epiphanius,
1197 918 1284 988 qui
1345 913 1514 970 floruit
1565 929 1743 989 quarto
1798 929 2005 971 exeunte

274 1011 495 1080 saeculo,
557 1010 878 1086 Apostolicas
936 1009 1333 1067 Constitutiones
1379 1013 1518 1081 citat,
1574 1013 2007 1085 commendatque:

274 1105 378 1167 Qui
420 1105 570 1171 liber,
617 1118 667 1160 ut
711 1106 817 1178 ipse
860 1106 1036 1160 scribit
1089 1106 1285 1160 haeresi
1352 1110 1423 1159 70
1486 1118 1659 1161 contra
1721 1105 2005 1176 AudianOS,

277 1200 476 1253 luuzelsi
539 1201 726 1254 dubiae
785 1201 929 1272 apud
990 1200 1174 1253 uitellos
1226 1200 1350 1273 fidei
1410 1201 1496 1267 sic,
1560 1220 1657 1253 non
1720 1212 1788 1254 est
1837 1211 2006 1255 tamen

274 1294 668 1366 improbandus.
715 1296 851 1348 Nam
896 1294 952 1347 in
995 1314 1072 1361 eo,
1119 1313 1248 1365 quac
1276 1296 1345 1349 acl
1371 1295 1627 1349 Ecclesiae
1670 1295 2004 1367 disciplinam

272 1389 514 1454 attinent,
560 1389 737 1443 omnia
780 1388 1305 1461 comprehenduntur,
1367 1407 1522 1460 neque
1581 1390 1866 1460 quidquam
1912 1399 2000 1443 (tut

272 1482 325 1535 in
365 1483 468 1556 side
513 1502 571 1537 ac
598 1483 846 1537 catholica
864 1483 1182 1555 professione
1226 1484 1590 1557 depravatum,
1625 1495 1715 1538 auc
1741 1483 1997 1538 Ecclesiae

272 1578 722 1633 administrationi
793 1598 851 1633 ac
913 1579 1126 1633 decretis
1186 1580 1511 1634 eontrarium
1574 1580 1816 1635 continet.
1886 1579 1998 1636 Duo

270 1673 437 1745 itaque
481 1694 541 1729 ex
586 1676 680 1729 hoc
712 1673 987 1747 Epiphanii
1030 1674 1140 1729 loco
1184 1675 1506 1745 colliguntur.
1553 1672 1784 1729 Primum
1828 1685 1901 1729 est
1945 1671 1999 1729 S.

271 1764 547 1841 Epiphanii
607 1781 765 1823 aetate
821 1768 1008 1823 librum
1052 1769 1272 1841 aliquem
1316 1770 1516 1824 nomine
1577 1766 2004 1824 Constitutionum

268 1860 676 1935 Apostolicarum
707 1864 951 1930 extitisse,
996 1865 1047 1917 in
1091 1883 1189 1936 quo
1235 1863 1362 1917 nihil
1406 1882 1434 1917 a
1479 1862 1576 1917 fide
1607 1863 1876 1931 catholica,
1919 1874 2003 1916 aut

269 1956 333 2010 ab
376 1955 631 2011 Ecclesiae
675 1957 945 2030 disciplina
990 1957 1209 2012 alienum
1254 1957 1617 2013 inveniebatur.
1659 1956 1887 2011 Alterum
1930 1968 2004 2010 est

270 2050 564 2120 hujusmodi
619 2049 1012 2106 Constitutiones
1058 2063 1142 2106 aut
1184 2053 1370 2122 injuria
1433 2062 1713 2124 temporum
1770 2052 1999 2124 periisse,

269 2156 353 2198 aut
396 2165 500 2212 eaS,
532 2165 656 2217 quas
688 2145 953 2214 habemuS,
994 2145 1220 2200 diversas
1252 2145 1316 2199 ab
1348 2147 1409 2200 iis
1441 2164 1567 2214 esse,
1612 2156 1658 2199 et
1699 2165 1760 2199 ex
1803 2147 1998 2215 integro

269 2237 542 2304 confectas,
588 2252 670 2292 aut
715 2239 890 2293 saltem
935 2241 977 2294 si
1023 2259 1148 2293 unae
1192 2252 1237 2294 et
1280 2240 1484 2294 eaedem
1513 2250 1644 2308 sunt,
1677 2251 1822 2311 atque
1862 2239 1998 2307 illae,

270 2351 484 2405 quarum
529 2334 815 2387 testimonia
861 2332 914 2389 S.
961 2332 1277 2407 Epiphanius
1323 2333 1490 2402 refert,
1534 2345 1647 2406 post
1689 2335 1847 2407 ipsius
1878 2331 2000 2405 Epi-

268 2428 442 2500 phanii
507 2438 729 2500 tempora
793 2426 856 2481 ab
918 2428 1184 2482 haereticis
1246 2439 1522 2500 corruptas·
1572 2427 1994 2500 interpolatasque

267 2521 439 2591 fuisse,
485 2521 619 2594 quod
665 2522 1015 2590 cognoscimus
1059 2520 1208 2576 etiam
1263 2541 1324 2575 ex
1378 2521 1502 2576 locis
1547 2521 1610 2575 ab
1652 2520 1827 2575 eodem
1873 2518 1994 2592 Epi-

271 2617 458 2688 phanio
519 2615 757 2683 laudatis,
820 2615 905 2687 qui
968 2626 1051 2668 aut
1113 2616 1162 2668 in
1224 2615 1325 2669 illis
1388 2612 1844 2670 Constitutionihus
1897 2632 1992 2668 non

269 2722 459 2778 extant,
504 2722 586 2764 aut
630 2710 783 2763 aliam
828 2710 1123 2762 sententiam
1167 2709 1433 2788 exhibent,
1470 2706 1624 2773 Quod
1670 2725 1785 2761 vero
1817 2708 1990 2760 attinet

268 2802 330 2855 ad
413 2816 685 2872 auctorem,
738 2821 794 2857 ac
841 2814 1052 2875 tempus,
1113 2821 1211 2874 quo
1272 2803 1490 2875 primum
1552 2800 1851 2873 prodierint,
1896 2819 1992 2855 non

268 2915 363 2950 una
409 2897 718 2952 eruditorum
779 2898 1038 2952 sententia.
1102 2894 1427 2951 probabilius
1489 2896 1671 2949 sentire
1745 2893 1992 2961 videntur,
