2114 3289
355 105 463 157 106
513 123 604 157 ΠΒ.
629 122 680 157 Π.
705 121 804 156 C.1.
831 120 890 154 DE
923 121 969 154 R.
1003 119 1268 155 PONTIFICE
1298 120 1470 163 EJUSQ.
1499 119 1832 157 ADJIJTORIBUS

1045 216 1093 294 §-
1140 199 1212 277 3o

402 360 475 406 DE
513 358 652 404 JURE
691 355 1006 402 EPISCOPOS
1044 356 1155 402 VEL
1193 356 1429 404 INVITOS
1467 357 1861 405 DESTITUENDI

347 507 403 561 In
457 506 636 579 primis
681 506 976 577 quaeritur,
1023 524 1085 560 an
1130 503 1413 579 Episcopus
1458 507 1563 561 sine
1607 527 1697 563 suo
1743 509 1865 564 vitio
1910 518 1995 562 aut

263 603 407 675 culpa
470 599 649 653 debeat
710 599 965 654 interdum
1025 619 1131 654 sese
1192 598 1503 674 Episcopatu
1561 601 1819 659 abdicare.
1878 601 1995 657 Jain

262 714 376 749 vero
427 713 487 748 ex
538 693 850 748 christianae
893 695 1120 749 caritatis
1163 706 1459 768 praecepto,
1503 705 1550 750 et
1593 714 1654 750 ex
1696 697 1807 770 ipsa
1853 709 1996 752 natu-

261 791 356 845 rali
401 791 594 845 ratione
637 789 926 859 edocemur,
961 790 1150 846 bonum
1195 790 1453 864 publicum
1497 792 1663 865 potius
1708 793 1999 848 habendum

257 904 364 940 esse
419 885 617 958 privato
661 883 813 939 bono,
876 881 1042 940 Nemo
1087 897 1252 939 autem
1299 884 1533 954 dubitat,
1578 886 1699 958 quin
1742 884 1999 942 Ecclesiae

258 991 304 1033 et
350 982 636 1034 animarum
681 968 822 1033 salus
863 979 927 1033 sit
970 980 1169 1053 privata
1214 977 1455 1053 Episcopi
1500 980 1743 1049 utilitate,
1788 993 1834 1035 et
1878 993 2001 1036 tem-

265 1074 429 1148 porali
474 1074 632 1148 ipsius
679 1074 868 1128 honore
912 1074 1059 1145 longe
1105 1074 1270 1144 majus
1314 1073 1524 1143 bonum,
1562 1086 1607 1128 et
1650 1076 1872 1130 maxime
1916 1094 2002 1130 ex-

260 1168 548 1242 petendum.
612 1167 774 1238 Igitur
833 1170 876 1222 si
937 1167 1189 1238 ejusmodi
1250 1168 1350 1223 sint
1403 1187 1570 1222 rerum
1615 1188 1671 1223 ac
1716 1181 2000 1244 temporum

262 1265 503 1332 rationes,
549 1275 599 1317 ut
643 1261 899 1317 Ecclesiae
943 1275 989 1317 et
1033 1264 1319 1317 animarum
1362 1263 1497 1317 salus
1535 1263 1866 1336 periclitetur,
1900 1265 1999 1319 nisi

264 1355 545 1431 Episcopus
606 1357 717 1412 loco
769 1358 1010 1425 cesserit,
1055 1358 1159 1411 sive
1203 1356 1340 1430 quod
1384 1358 1490 1430 ipse
1536 1359 1742 1413 omnino
1786 1369 2000 1431 nequeat

266 1471 384 1506 suae
428 1451 561 1525 plebi
606 1453 913 1525 prospicere,
942 1452 1046 1506 sive
1091 1450 1227 1524 quod
1272 1451 1406 1506 mala
1449 1451 1590 1524 plebs
1619 1452 1786 1525 ipsum
1813 1451 1995 1522 oderit,

264 1548 562 1619 penitusque
606 1546 822 1614 deserat,
850 1564 1008 1618 neque
1051 1546 1153 1599 ulla
1198 1545 1392 1617 reliqua
1434 1547 1499 1600 sit
1541 1564 1653 1619 spes
1697 1545 1835 1600 illius
1876 1547 1997 1601 mali

266 1640 562 1709 avertendi,
625 1651 739 1694 tunc
802 1640 1007 1712 quidem
1067 1638 1351 1714 Episcopus
1418 1639 1564 1694 (lebet
1631 1638 1996 1713 Episcopatum

258 1746 433 1808 sponte
478 1734 768 1803 dimittere,
815 1754 871 1788 ac
915 1734 1178 1808 profiteri,
1224 1753 1321 1788 non
1372 1733 1508 1803 sibi,
1561 1733 1649 1788 sed
1710 1735 1996 1789 animarum

263 1829 414 1883 saluti
442 1841 691 1883 senatum
721 1828 1110 1902 ordinatumque
1153 1827 1463 1903 Episcopum
1506 1827 1678 1884 fuisse.
1725 1826 1995 1884 Praeclare

264 1923 328 1978 ad
382 1943 486 1978 reni
531 1935 756 1978 nostram
801 1923 1113 1993 Augustinus
1158 1925 1209 1978 in
1253 1923 1343 1979 lib.
1391 1922 1452 1978 de
1493 1925 1648 1994 gestis
1691 1943 1805 1978 cum
1848 1922 1996 1979 Eme-

263 2019 360 2072 rito
405 2037 542 2073 niun.
590 2021 620 2071 5
667 2029 712 2071 et
756 2037 896 2090 seqq.
923 2037 934 2072 ε
963 2018 1106 2082 Quid
1142 2018 1276 2072 enim
1323 2018 1611 2072 dubitemus
1656 2018 1992 2091 Redemptori

263 2123 435 2165 nostro
460 2112 768 2185 sacrificium
807 2112 952 2166 istius
995 2112 1305 2167 limnililulis
1349 2109 1577 2188 offerre?
1621 2116 1705 2167 An
1745 2132 1865 2168 cero
1908 2113 1995 2168 ille

261 2207 323 2260 (Ie
369 2206 533 2260 Caelis
577 2207 631 2259 in
676 2207 903 2261 humana
948 2209 1175 2262 membra
1218 2208 1500 2275 descendit,
1530 2219 1585 2262 ut
1619 2209 1848 2262 membra
1881 2208 1994 2282 ejus

261 2319 501 2368 essemus,
548 2313 592 2355 et
636 2320 754 2368 2205,
801 2320 862 2355 ne
905 2303 1015 2375 ipsa
1059 2303 1172 2376 ejus
1217 2303 1443 2358 membra
1486 2302 1688 2358 crudeli
1743 2303 1993 2358 divisione

261 2396 548 2462 lanientur,
580 2397 881 2450 descendere
910 2397 971 2451 cle
1017 2398 1285 2452 Cathedris
1326 2395 1710 2470 formidamus?
1754 2398 1994 2470 Episcopi

261 2503 475 2563 propter
518 2491 822 2546 christianos
854 2492 1074 2564 populos
1116 2494 1445 2550 ordinamur.
1499 2493 1650 2558 Quod
1693 2511 1811 2564 erqo
1860 2492 1995 2547 cliri-

268 2586 447 2639 slicmis
497 2586 706 2658 populis
766 2587 835 2640 acl
894 2587 1231 2642 christianam
1275 2607 1456 2659 pacem
1501 2588 1750 2660 prodest,
1795 2587 1886 2641 hoc
1930 2589 1991 2643 de

263 2692 434 2734 nostro
480 2683 789 2754 Episcopatu
829 2682 1098 2755 faciamus,
1144 2682 1308 2752 Hujus
1354 2685 1425 2737 rei
1468 2684 1661 2737 illustre
1706 2684 1990 2757 exemplum

268 2776 468 2848 reliquit
513 2774 567 2832 S.
614 2774 890 2848 Gregorius
933 2774 1309 2846 Nazianzenus,
1347 2779 1433 2850 qui
1477 2777 1644 2832 studio
1688 2779 1826 2851 pacis
1871 2776 1991 2851 Epi-

266 2882 473 2942 scopatu
518 2868 1077 2945 Constantinopolitano
1122 2892 1173 2927 se
1216 2884 1389 2945 sponte
1434 2871 1706 2929 abdicavit.
