2114 3289
351 134 461 186 132
508 149 600 186 ΜΒ.
624 150 675 186 11.
699 149 799 186 c.1.
831 149 890 183 DE
919 148 966 183 R.
999 147 1262 184 PoN'nFlcE
1291 148 1458 191 muso.
1489 149 1827 187 ADJUTORIBUS

261 254 465 326 quando
517 253 615 325 ipsi
666 251 904 323 Episcopi
946 267 1038 304 sua
1073 251 1240 322 praeci
1282 252 1594 307 testabantur
1636 252 1982 309 talem'disci-

256 347 462 420 plinam
504 346 755 400 salubrem
795 344 928 417 fore,
965 354 1021 399 ut
1063 344 1181 398 scite
1224 345 1590 402 animadvertit
1632 350 1824 402 Auctor
1865 366 1980 420 ope-

259 441 371 508 ris,
415 440 551 512 quod
599 437 898 493 inscribitur
956 438 1242 493 Febronius
1301 439 1618 496 abbreviatus
1676 460 1791 496 cum
1849 443 1981 497 notis

262 546 380 591 tom.
426 532 500 588 IV
541 534 592 587 in
635 534 765 589 notis
809 532 875 588 ad
917 526 962 604 §.
1006 529 1098 590 VI.

340 626 566 700 Denique
624 626 899 683 Febronius
953 629 1022 682 ita
1072 627 1360 683 concludit:
1404 629 1509 682 Per
1551 645 1674 682 macc
1708 639 1976 684 enarratas

257 722 396 789 illas,
424 732 470 776 et
494 722 762 777 successive
789 739 1075 777 communes
1118 723 1349 778 redditas
1391 724 1732 794 quorumdam
1773 743 1982 780 reorum

257 817 328 871 ad
369 816 552 872 Sedem-
596 816 939 890 Apostolicam
974 835 1075 889 pro
1116 816 1430 871 absolutione
1471 817 1822 886 remissiones,
1865 830 1978 874 tan-

259 911 374 965 dem
416 910 671 981 quaedam
712 911 1018 965 universalis
1061 912 1397 978 consuetudo,
1443 922 1487 965 et
1530 911 1587 965 in
1629 911 1722 966 liae
1761 914 1981 985 fundata

250 1005 396 1078 juris
456 1005 670 1077 Papalis
720 1005 904 1078 species
947 1015 1100 1060 enata
1141 1017 1249 1073 est,
1293 1023 1442 1060 suum
1484 1005 1669 1061 liabens
1711 1007 1770 1060 in
1811 1008 1981 1063 Eccle-

256 1099 453 1154 siarum
497 1117 737 1154 consensu
778 1099 1192 1172 fundamentum.

337 1193 474 1249 Haec
534 1194 789 1249 conclusio
849 1194 992 1250 falsis
1056 1207 1101 1250 et
1159 1195 1393 1250 inanibus
1438 1196 1736 1266 conjecturis
1782 1196 1976 1252 nititur.

257 1290 416 1356 Num,
461 1299 513 1342 ut
558 1287 708 1344 verba
752 1286 1017 1345 Ballerinii
1061 1289 1121 1344 de
1164 1301 1342 1364 potest.
1387 1287 1579 1345 Eccles,
1624 1309 1672 1363 p.
1706 1291 1837 1346 186.
1871 1308 1980 1345 mea

259 1381 464 1452 faciam,
507 1400 630 1435 num
672 1383 1017 1452 quorumdam
1058 1383 1429 1456 Episcoporum
1487 1383 1829 1450 observantia,
1880 1401 1981 1455 qua

259 1475 412 1530 initio
446 1475 791 1548 particulares
832 1494 975 1531 casus
1017 1477 1335 1550 Apostolicae
1371 1477 1496 1534 Sedi
1523 1477 1839 1545 detulerunt,
1858 1495 1984 1550 pro-

259 1569 379 1624 bare
415 1579 578 1642 potest
619 1587 912 1625 consensum
955 1571 1208 1639 omnium,
1235 1571 1324 1644 qui
1368 1571 1430 1626 de
1473 1570 1569 1625 tali
1603 1581 1851 1644 potestate
1893 1572 1980 1626 abs

256 1682 305 1719 se
356 1663 648 1718 abdicanda
699 1682 759 1719 ne
820 1665 1109 1736 cogitarunt
1166 1661 1422 1737 quidem?
1482 1667 1621 1721 Num
1680 1665 1770 1736 qui
1827 1665 1982 1720 initio

256 1757 549 1813 detulerunt
593 1774 672 1812 eos
716 1775 856 1812 casus
898 1758 969 1813 ad
1010 1758 1243 1814 eamdem
1284 1758 1489 1826 Sedem,
1507 1768 1809 1831 potestatem
1850 1776 1978 1830 quae

255 1852 342 1906 isti
399 1851 523 1909 Sedi
579 1870 680 1906 non
723 1862 1063 1925 competeret,
1106 1853 1272 1908 eidem
1313 1853 1460 1924 quasi
1502 1869 1592 1906 suo
1628 1852 1750 1926 juri
1791 1870 1982 1908 renun-

255 1949 445 2003 ciantes
487 1948 719 2003 tribuisse
763 1949 973 2004 dicendi
1015 1947 1169 2005 sunt?
1211 1952 1351 2006 Num
1376 1952 1431 2007 S.
1459 1951 1668 2016 Petrus,
1694 1950 1784 2020 qui
1808 1950 1983 2004 omnia

256 2042 443 2096 solvere
506 2053 551 2096 et
610 2042 773 2113 liqare
817 2054 1024 2115 poterat
1073 2063 1141 2098 eac
1183 2043 1505 2098 institutione
1547 2043 1708 2116 ipsius
1750 2043 1978 2111 Christi,

257 2156 361 2191 non
413 2137 658 2209 potuisset
708 2138 765 2191 in
807 2138 914 2193 illis
956 2140 1151 2195 casibus
1193 2139 1488 2206 absolvere,
1532 2138 1634 2193 nisi
1675 2138 1804 2193 lianc
1838 2149 1982 2212 pote-

254 2243 430 2287 statem
479 2231 575 2285 sibi
627 2232 867 2305 Episcopi
910 2230 1306 2288 concessissent?
1367 2235 1506 2289 Num
1549 2234 1721 2288 minor
1764 2243 1833 2288 est
1874 2236 1980 2288 Ro-

256 2344 530 2380 manorum
571 2326 881 2398 Pontificum
923 2328 1224 2396 auctoritaS,
1250 2328 1308 2383 in
1350 2345 1471 2399 quos
1510 2327 1650 2382 idem
1685 2328 1833 2382 Petri
1858 2328 1979 2382 Pri-

255 2431 420 2474 matus
445 2437 504 2474 ac
540 2419 845 2493 jurisdictio
887 2419 1166 2478 transivit?
1209 2425 1391 2477 Nonne
1417 2422 1583 2494 ipsum
1611 2425 1657 2477 T
1656 2421 1978 2476 ridentinum

257 2513 539 2570 Concilium
584 2523 744 2568 totu-m
784 2516 1082 2569 reservandi
1119 2515 1210 2589 jus
1253 2534 1356 2570 non
1397 2516 1453 2570 in
1495 2516 1806 2570 delationem
1848 2515 1977 2587 Epi-

257 2628 559 2682 scoparum,
620 2610 707 2664 sed
765 2610 823 2664 in
882 2627 1170 2683 supremam
1222 2622 1522 2684 potestatem
1580 2611 1676 2665 sibi
1730 2606 1974 2682 (Summo

256 2700 524 2773 Pontifici)
573 2703 631 2757 in
673 2704 899 2759 Ecclesia
939 2705 1181 2759 universa
1206 2706 1455 2760 traditam
1481 2722 1713 2777 expresse
1755 2701 1974 2759 retulit.9

335 2795 415 2851 Ad
457 2798 578 2852 haec
622 2797 932 2854 Febronius:
977 2803 1152 2868 Bona,
1195 2800 1386 2872 inquit,
1424 2800 1551 2871 jure
1595 2799 1763 2853 dicere
1801 2798 1973 2870 potuit

257 2890 493 2961 dioeitque
537 2896 588 2948 S.
635 2894 900 2962 SynoduS,
945 2896 1213 2949 Summum
1255 2893 1555 2966 Pontificem
1590 2912 1691 2966 pro
1732 2910 1969 2964 suprema
