2114 3289
365 122 439 173 64
482 138 576 175 un.
598 137 649 175 11.
670 138 717 175 c.
747 137 781 173 1.
812 135 871 171 DE
900 136 947 170 R.
979 133 1242 171 Powrmcss
1270 133 1441 177 muso.
1464 130 1803 167 Ansuromssus

1051 285 1097 362 S.
1145 291 1237 347 18.

591 441 663 486 DE
703 441 956 486 RATIONE
992 441 1437 486 DETERMINANDI
1473 441 1700 487 OFFlClA

852 549 926 595 ET
968 550 1108 596 JURA
1144 549 1435 596 PRIMATUS

360 712 417 767 In
461 711 857 768 determinandis
901 713 1078 769 officiis
1122 724 1269 786 atque
1309 712 1536 784 juribus,
1579 730 1706 786 quae
1747 709 2007 767 Primatui

281 808 568 877 cohaerent,
612 808 771 881 aliqui
814 804 1119 863 Canonistae
1161 808 1257 863 hac
1299 808 1495 863 ratione
1537 806 1881 878 argumentari
1925 824 2007 861 so-

279 900 397 958 lent.
442 899 639 975 Nempe
681 903 841 973 ajunt,
876 902 1046 965 omnia
1090 899 1348 958 Primatus
1392 901 1556 957 officia
1601 919 1659 956 ac
1703 919 1909 973 munera
1953 900 2006 953 in

281 995 463 1051 tuenda
507 995 952 1068 conservandaque
993 994 1250 1051 Ecclesiae
1292 997 1480 1051 unitate
1514 997 1611 1050 sita
1637 1013 1765 1064 esse,
1791 993 2007 1067 ideoque

280 1101 470 1145 tantam
538 1091 589 1145 in
649 1087 882 1145 Primatu
940 1102 1234 1164 potestatem
1295 1091 1743 1162 auctoritatemque
1803 1088 2004 1156 inesse,

283 1197 470 1258 quanta
513 1184 577 1240 ad
620 1204 733 1240 eum
777 1184 927 1240 finem
970 1184 1297 1241 obtinendum
1340 1197 1414 1240 est
1456 1204 1662 1259 prorsus
1700 1183 2002 1239 necessaria.

282 1278 457 1353 Itaque
499 1279 821 1349 concludunt,
849 1298 907 1333 ea
951 1280 1126 1334 onmia
1168 1290 1213 1335 et
1255 1279 1362 1334 sola
1406 1297 1504 1334 esse
1549 1278 1818 1333 Primams
1855 1276 2007 1350 jura,

282 1374 390 1428 sine
449 1375 630 1446 quibus
687 1375 860 1428 unitas
908 1374 1163 1429 Ecclesiae
1212 1374 1523 1429 christianae
1571 1371 1864 1428 conservari
1907 1389 2011 1425 non

278 1479 460 1542 potest.

362 1561 552 1618 Verum
595 1564 681 1637 qui
725 1564 797 1618 sic
841 1574 1254 1634 argumentantur
1294 1564 1346 1619 in
1388 1582 1446 1618 eo
1473 1573 1698 1637 peccant,
1726 1560 1862 1635 quod
1893 1561 2007 1630 jura

284 1657 543 1714 Primatus
603 1661 667 1714 iis
727 1658 973 1714 limitibus
1017 1670 1308 1728 coarctant,
1352 1677 1478 1732 quos
1521 1655 1757 1713 Christus
1802 1658 2010 1712 minime

283 1755 469 1827 posuit.
530 1751 788 1808 Primatus
849 1751 1054 1825 quidem
1114 1752 1179 1807 ad
1233 1751 1467 1807 tuendam
1511 1751 2010 1824 conseavandamque

285 1849 524 1903 unitatem
569 1848 823 1903 institutus
866 1859 968 1917 est3
1013 1859 1335 1903 veruntamen
1378 1846 1534 1902 multa
1562 1864 1719 1920 eaque
1745 1845 2007 1920 praeclara

283 1944 417 2014 jura,
444 1943 716 1999 obtinendo
761 1944 848 1998 fini
893 1945 1113 1998 maxime
1156 1955 1508 2012 consentanea,
1535 1943 1631 1998 hoc
1664 1954 1756 2011 est,
1781 1940 2013 2012 jubendi,

283 2036 575 2108 judicandi,
619 2038 929 2110 cogendique
972 2048 1265 2111 potestatem
1309 2056 1336 2090 a
1381 2034 1585 2092 Christo
1632 2038 1742 2110 ipso
1787 2035 2013 2108 accepit,

288 2151 386 2204 quo
447 2132 624 2186 melius
683 2150 971 2205 supremam
1032 2132 1081 2186 in
1143 2130 1369 2186 Ecclesia
1425 2132 1657 2185 universa
1713 2140 2012 2203 potestatem

288 2237 536 2281 exerceat.

366 2318 498 2375 Hinc
540 2318 839 2374 Tridentina
884 2318 1121 2389 Synodus
1164 2338 1289 2375 sess,
1334 2316 1461 2374 XIV
1503 2337 1614 2393 cap.
1667 2323 1732 2374 7:
1779 2317 2011 2384 Merita,

285 2416 483 2488 inquit,
527 2412 798 2486 Pontifices
842 2413 1074 2467 Maximi
1109 2431 1209 2485 pro
1251 2430 1492 2485 suprema
1524 2422 1771 2484 potestate
1814 2411 1910 2465 sibi
1952 2411 2010 2465 in

284 2508 513 2562 Ecclesia
566 2507 808 2561 ‘ti-niversa
863 2506 1062 2560 tradita
1112 2524 1287 2560 causas
1330 2506 1531 2577 aliquas
1574 2506 1850 2560 criminum
1894 2523 2014 2576 qra-

284 2603 449 2657 viores
490 2620 579 2656 sno
616 2611 893 2675 potuerant
929 2600 1189 2672 peculiari
1234 2599 1444 2673 judicio
1505 2618 1785 2655 reservare.
1850 2597 2013 2671 Igitur

285 2700 399 2767 jura
447 2697 704 2753 Primatus
747 2694 1000 2770 profluunt
1044 2706 1146 2750 tum
1191 2714 1259 2750 Ex
1302 2713 1415 2750 Fixa
1459 2714 1693 2751 TUENDAE
1739 2713 2011 2764 uix-turm,

291 2804 393 2846 tuin
453 2812 522 2846 Ex
580 2811 748 2848 sunm
811 2811 871 2845 ET
935 2809 1095 2846 PLENA
1152 2809 1479 2859 POTESTATE,
1523 2809 1620 2862 qua
1665 2788 1902 2845 Pontifex
1946 2789 2008 2844 ad

288 2886 589 2960 expleudum
634 2905 813 2941 munus
857 2904 1001 2941 suum
1046 2886 1096 2940 in
1142 2896 1243 2941 tota
1287 2883 1512 2940 Ecclesia
1556 2884 1762 2958 potitur.
