2114 3289
421 121 465 199 §.
493 146 618 183 xvn.
648 145 707 180 DE
735 144 826 180 usn
854 144 914 178 ET
941 143 1161 180 AUCTOR.
1190 143 1241 179 N.
1270 140 1583 178 TESTAMENTI
1711 126 1780 177 35

146 262 365 317 clarum,
393 260 481 304 aut
523 248 678 301 etiam
721 258 898 300 contra
939 247 1237 300 unanimem
1280 263 1572 300 consensum
1617 247 1860 311 Patrum,

140 348 303 418 ipsam
344 343 666 415 scripturam
710 345 923 397 Sacram
966 341 1301 412 interpretari
1344 341 1551 396 audeat.

203 532 442 578 Summum
481 531 627 589 igitur
663 526 894 587 judicium
930 529 986 575 de
1026 541 1131 574 vero
1167 528 1355 574 divinae
1405 527 1676 586 Scripturae
1728 538 1866 572 sensu

133 625 277 671 penes
315 612 575 658 Ecclesiam
614 617 703 665 est3
742 610 929 655 nomine
972 622 1076 654 vero
1114 609 1353 655 Ecclesiae
1403 622 1497 654 non
1548 610 1682 653 modo
1732 608 1870 653 Fide-

132 694 246 739 lium
283 693 490 738 omnium
528 693 694 737 concio
732 691 1032 749 intelligitur,
1070 701 1228 735 verum
1265 690 1406 735 etiam
1444 689 1663 748 generale
1700 688 1872 735 Conci-

132 773 246 819 lium
283 780 328 818 et
376 773 643 830 Apostolica
694 772 858 818 Sedes:
911 783 1000 828 qna
1050 771 1105 816 de
1155 784 1204 816 re
1253 770 1478 829 legendus
1528 777 1597 815 est
1644 769 1870 815 Melchior

130 856 286 901 Canus
322 851 374 899 cle
412 852 546 898 Locis
582 851 849 912 theoloqicis
885 851 965 897 lib.
1012 852 1068 896 12
1091 865 1191 912 cap.
1233 852 1279 897 6.
1314 853 1556 897 Praeterea
1593 851 1772 897 nemini
1811 851 1873 894 li-

131 942 206 981 cet
243 942 405 981 contra
443 947 545 981 eun]
572 948 778 989 sensum,
815 946 952 992 quem
978 937 1136 979 Patres
1168 945 1330 979 omnes
1353 933 1717 978 concordissime
1754 945 1869 977 con-

130 1018 514 1075 stantissimeque
565 1024 836 1072 tenuerunt,
884 1017 1051 1062 Sacras
1102 1017 1283 1061 litteras
1332 1015 1650 1073 interpretari.
1703 1016 1869 1060 Verum

129 1110 249 1154 quae
286 1099 364 1152 sit,
402 1105 669 1155 quantaque
706 1098 989 1144 Sanctorum
1030 1099 1211 1142 Patrum
1249 1097 1506 1142 auctoritas
1537 1097 1583 1140 in
1620 1095 1868 1141 Sacrarum

130 1178 392 1225 litterarum
434 1179 770 1238 intelligentia,
808 1179 1018 1225 dicemus
1054 1176 1175 1222 infra
1215 1172 1252 1235 Ξ.
1291 1177 1370 1221 42.

897 1349 941 1425 g,
993 1357 1083 1409 18.

384 1493 455 1538 DE
493 1491 712 1537 DlVlNlS
751 1492 823 1535 ET
859 1490 1230 1536 APOSTOLICIS
1269 1490 1597 1536 lNSTlTUTIS

216 1656 493 1728 Evangelia
546 1657 746 1712 nonnisi
796 1656 1078 1712 doctrinam
1122 1657 1280 1729 ipsius
1325 1653 1518 1711 Christi
1562 1656 1852 1723 continent,

132 1753 220 1808 sed
268 1754 446 1826 reliqui
491 1754 607 1808 novi
650 1752 958 1807 Testamenti
1002 1752 1122 1806 libri
1164 1764 1428 1826 praecepta
1478 1764 1582 1806 tum
1642 1751 1852 1820 divina,

131 1862 235 1904 tum
281 1850 556 1923 apostolica
601 1849 1014 1923 complectuntur.
1061 1847 1198 1903 Haec
1243 1861 1622 1922 praeceptorum
1666 1848 1852 1909 divisio

130 1945 444 2018 apertissime
496 1944 778 2014 significata
822 1954 895 1997 est
938 1963 966 1997 a
1011 1942 1066 1999 S.
1112 1942 1274 1998 Paulo
1318 1962 1395 2016 ep.
1445 1941 1465 1995 l
1509 1942 1572 1997 ad
1617 1941 1848 1998 Corinth.

135 2044 161 2092 7
210 2059 255 2094 v.
305 2040 374 2091 10
420 2037 540 2092 dum
583 2039 677 2092 ait:
723 2037 1000 2109 Praecipio
1044 2057 1146 2090 non
1189 2055 1299 2109 eya,
1342 2037 1429 2090 secl
1470 2037 1725 2091 Dominus
1736 2058 1758 2108 ‚-
1803 2049 1850 2092 et

130 2153 175 2189 V.
225 2134 331 2187 12:
376 2134 484 2203 E90
528 2132 665 2198 dico)
709 2150 810 2184 non
854 2131 1124 2188 Dominus,

206 2225 321 2281 Jani
384 2246 498 2280 vero
556 2238 819 2300 praecepta
881 2245 1038 2281 novae
1098 2225 1284 2297 Legis,
1337 2247 1463 2300 quae
1515 2225 1748 2282 Christus
1796 2228 1847 2281 in

128 2322 405 2393 Evangelio
452 2321 680 2391 tradidit,
717 2333 800 2376 aut
843 2341 969 2394 quae
1013 2322 1244 2396 Apostoli
1286 2324 1490 2378 caelitus
1536 2322 1692 2378 afflati
1734 2343 1849 2396 pro-

127 2428 433 2490 posuerunt,
495 2435 606 2471 cnm
669 2436 779 2470 vere
839 2430 884 2472 et
945 2420 1144 2491 proprie
1195 2417 1368 2473 divina
1411 2419 1509 2472 sint
1548 2462 1563 2487 a
1592 2418 1714 2472 nulli
1760 2436 1847 2471 nec

129 2511 443 2581 derogationi
503 2530 590 2566 nec
651 2511 972 2581 abrogationi
1024 2512 1244 2568 obnoxia
1288 2524 1436 2581 sunt,
1482 2513 1568 2567 sed
1611 2524 1846 2584 perpetua

128 2616 173 2659 et
215 2605 456 2661 inviolata
500 2624 699 2660 manere
743 2604 940 2662 debent.
987 2604 1051 2660 At
1097 2626 1210 2662 vero
1246 2619 1527 2680 praecepta,
1555 2625 1680 2678 qnae
1708 2603 1843 2679 Apo-

128 2700 242 2754 stoli
286 2712 541 2773 tamquam
584 2699 822 2756 Rectores
858 2700 1198 2756 Ecclesiarum
1226 2701 1507 2768 ediderunt,
1535 2720 1844 2772 quamquam

126 2794 177 2847 in
222 2791 275 2849 S.
321 2794 499 2849 litteris
543 2797 923 2863 contineantur,
974 2815 1086 2850 cum
1138 2808 1302 2850 tamen
1363 2796 1562 2868 proprie
1625 2796 1844 2850 humana

127 2899 173 2942 et
232 2889 564 2944 ecclesiastica
624 2891 758 2958 sint,
819 2891 940 2945 haec
1001 2890 1065 2944 ab
1126 2890 1349 2945 Ecclesia
1403 2891 1505 2944 sive
1557 2910 1582 2943 a
1632 2889 1839 2945 Sinnino
