2114 3289
291 98 336 174 S.
366 121 518 157 xxtx.
550 121 610 157 DE
642 118 922 156 TRANsLAT.
953 120 1087 157 cess,
1118 119 1226 156 ETc.
1256 118 1615 155 EPlscoronunl
1663 101 1775 153 105

134 222 254 281 Sedi
281 225 515 299 probata,
539 234 586 278 et
612 222 872 297 spirituale
902 223 1174 292 vinculum,
1203 241 1301 296 quo
1329 221 1570 296 Episcopi
1598 220 1856 277 Ecclesiae

138 339 256 375 suae
285 318 592 387 obligantur,
621 316 685 371 ab
712 316 887 371 eadem
931 316 1225 390 Apostolica
1254 315 1383 372 Sede
1409 315 1686 371 laxandum
1729 326 1820 371 est.

214 411 368 481 Quod
397 431 511 466 vero
540 410 604 465 ad
631 411 711 481 jus
749 410 1033 484 deponendi
1076 412 1283 465 attinet:
1329 409 1691 464 Perentoriam
1734 408 1860 462 clare

133 507 454 575 sementiam,
497 507 679 579 iniquit
707 503 761 562 S.
794 504 1086 560 Bernardus
1130 506 1277 578 epist.
1313 507 1424 560 239
1453 504 1519 558 ad
1556 502 1860 574 Eugenium,

134 602 204 656 ad
247 600 614 673 depositionem
666 599 1059 672 Episcoporum,
1110 599 1266 654 solius
1319 598 1546 653 Romani
1591 596 1858 670 Pontifieis

136 696 362 750 noscitur
406 713 520 752 esse.
568 693 741 768 Itaque
768 714 796 749 a
831 696 1010 768 primis
1054 713 1209 767 usque
1254 694 1466 749 saeculis
1504 711 1560 748 eo
1605 694 1713 764 jure
1754 689 1861 746 Ro-

135 791 271 845 mani
316 787 588 845 Pontifices
619 790 695 843 usi
722 800 852 844 sunt.
882 786 1138 861 Agapetus
1166 785 1466 842 Anthimum
1509 784 1857 861 Compatriar-

131 885 280 940 cham
341 883 954 958 Constantinopolitanum
998 882 1250 956 deposuit,
1286 893 1332 936 et
1366 880 1606 937 Mennam
1651 882 1702 935 in
1746 880 1853 950 ejus

131 978 300 1035 locum
326 977 634 1051 Episcopum
672 978 1002 1032 consecravit.
1041 975 1369 1050 Quapropter
1401 973 1604 1031 Natalis
1640 972 1860 1030 Alexan-

131 1073 222 1128 der
272 1072 407 1129 Hist.
453 1072 746 1129 Ecclesiast.
792 1092 922 1127 saec,
970 1070 1042 1126 VI
1087 1091 1130 1128 c.
1179 1073 1211 1124 2
1256 1082 1351 1126 art.
1402 1075 1470 1125 7:
1516 1069 1856 1136 Primatum,

130 1168 315 1241 inquit,
343 1167 616 1238 qloriosius
659 1185 899 1221 exercere
943 1184 1046 1219 reon
1079 1165 1251 1237 potuit
1295 1167 1560 1219 Romanus
1587 1163 1860 1236 Pontifeoe,

130 1280 285 1333 quam
312 1260 932 1333 Constamiiiopolitamtm
959 1259 1327 1313 Patriarcltam
1351 1258 1665 1313 haereticum
1701 1275 1865 1311 escau-

133 1357 403 1423 ctoramlO)
433 1366 478 1410 et
519 1355 576 1409 in
620 1354 734 1427 ejus
776 1354 943 1407 loc-am
985 1353 1150 1407 alium
1187 1353 1508 1419 ordinando³
1535 1352 1690 1423 idque
1718 1351 1864 1405 nulla

129 1451 338 1523 Synoclo
397 1460 686 1506 convocata.
750 1447 836 1504 Sic
887 1450 1039 1504 etiam
1083 1445 1261 1519 Legati
1305 1446 1360 1503 S.
1406 1445 1590 1502 Leonis
1635 1448 1686 1501 in
1731 1444 1865 1502 Con-

130 1546 248 1602 cilio
292 1543 695 1601 Chalcedonensi
739 1543 1002 1598 dixerunt:
1048 1542 1410 1599 Sanctissimus
1455 1553 1499 1596 et
1525 1541 1862 1596 Beatissimus

130 1643 303 1712 Papa,
348 1648 500 1711 caput
541 1637 850 1693 universalis
893 1637 1175 1704 Ecclesiae,
1227 1641 1329 1691 Leo
1365 1655 1463 1709 per
1504 1654 1595 1690 reos
1637 1636 1860 1690 vicarios

129 1752 242 1788 suos
301 1733 450 1788 Petri
511 1732 740 1805 Apostoli
776 1733 1052 1805 praeditus
1106 1732 1380 1803 diqnitate,
1426 1730 1702 1803 episcopali
1747 1749 1863 1784 eum

138 1824 512 1900 (Dioscorum)
575 1827 827 1899 (liquitate
887 1827 1105 1881 nudavit
1166 1823 1351 1902 (Apud
1414 1825 1586 1882 Mansi
1646 1838 1768 1882 tom.
1813 1824 1865 1882 X

131 1922 539 1995 Conciliorum).
585 1924 648 1980 Et
693 1922 977 1980 Concilium
1020 1923 1377 1979 Tridentinum
1423 1942 1544 1980 sess,
1594 1927 1624 1978 6
1671 1942 1781 1996 cap.
1830 1924 1854 1975 1

130 2021 192 2076 de
234 2021 440 2077 reform.
486 2020 743 2090 decrevit,
786 2020 1066 2095 Episcopos
1112 2021 1163 2074 in
1208 2020 1312 2074 suis
1357 2018 1598 2074 Ecclesiis
1644 2038 1742 2074 non
1786 2037 1864 2073 re-

131 2117 349 2172 sidentes
394 2115 630 2172 Romano
674 2114 913 2171 Pontifici
957 2114 1335 2171 denunciandos
1374 2134 1503 2185 esse9
1531 2113 1704 2185 quiin
1731 2114 1864 2186 ipsos

130 2211 392 2277 absentes9
446 2220 605 2282 prout
664 2208 912 2283 cujusque
969 2208 1146 2283 major
1195 2219 1284 2263 aut
1326 2209 1498 2263 minor
1542 2207 1865 2262 contumacia

131 2305 382 2377 eoeeqeric)
413 2322 533 2359 suae
577 2322 842 2376 supremae
886 2303 1035 2360 Seclis
1077 2303 1382 2357 auctoritate
1426 2303 1863 2370 animadverte-re,

130 2410 176 2455 et
218 2398 458 2453 Ecclesiis
501 2398 623 2471 ipsis
667 2398 728 2452 cle
773 2398 1076 2452 Pastoribus
1118 2398 1418 2453 utilioribus
1453 2397 1732 2470 providere
1769 2414 1865 2468 po-

129 2495 272 2561 terit,
318 2494 447 2548 sicat
488 2494 545 2548 in
588 2493 813 2547 Domino
858 2494 1058 2548 noverit
1101 2493 1377 2547 salubriter
1421 2492 1689 2565 expedire.

193 2669 243 2713 In
294 2669 665 2715 Canonicatibus
718 2668 878 2723 ctiam,
917 2675 961 2714 et
1004 2667 1264 2722 parochiis,
1314 2666 1577 2723 ceterisque
1626 2665 1874 2711 Beneficiis

128 2748 281 2794 locum
328 2750 503 2796 habent
554 2749 910 2805 t1¹anslationeS‚
960 2750 1365 2801 renunciationes‚
1405 2753 1451 2792 et
1500 2746 1870 2805 resignationes‚

126 2829 332 2886 itemque
354 2831 693 2889 depositiones,
733 2837 779 2877 et
810 2831 1194 2890 deg1·adatione5‚
1218 2830 1273 2874 dc
1297 2829 1467 2886 quibus
1503 2828 1595 2873 late
1632 2827 1872 2874 disserunt

127 2910 392 2969 Scriptores
424 2911 550 2958 Juris
587 2912 900 2960 ecclesiastici
938 2912 1112 2970 privati
1149 2910 1202 2958 in
1237 2915 1446 2956 tractatu,
1480 2906 1533 2956 de
1570 2907 1837 2971 Beneficiis.
