2114 3289
356 102 426 152 28
626 118 673 155 c.
716 118 767 154 11.
814 118 875 153 DE
918 118 1162 154 Fonrissus
1203 119 1340 156 sums
1386 119 1632 156 οΑΝοΝιοι

270 220 614 291 scripturam,
644 223 689 274 T
688 219 1021 289 raditionem,
1049 221 1443 275 Constitutiones
1487 224 1991 289 Summoruanon-

269 313 484 388 tificum,
526 327 573 369 et
616 317 842 368 Canones
886 313 1234 368 Conciliorum
1277 315 1617 386 yeneralium.

350 406 617 463 Praeterea
661 407 915 480 aliquibus
959 408 1123 481 placet
1165 409 1305 464 hisce
1365 421 1581 482 quatuor
1622 410 1845 467 fontibus
1890 423 1986 467 tres

271 501 397 556 alios
441 501 680 572 adjicere,
730 519 906 574 nempe
964 503 1058 554 Jus
1109 501 1371 569 naturale,
1431 503 1636 575 Scripta
1685 508 1989 560 Sanctorum

270 597 512 661 Patria-m,
556 606 602 648 et
644 597 738 648 ιῙῖιε
780 594 951 661 civile,
996 596 1247 668 siquidem
1290 616 1353 651 ex
1394 599 1457 651 iis
1500 600 1652 652 etiam
1695 611 1989 668 argumenta

269 701 550 757 sumuntur,
593 708 720 762 qnae
774 691 824 744 in
867 688 987 744 Jnre
1029 687 1288 745 Canonico
1332 693 1680 746 auctoritatem
1724 692 1927 748 habent.

346 782 455 839 Nos
500 784 560 838 de
604 785 836 839 omnibns
888 785 990 840 illis
1052 785 1296 855 fontibus9
1347 786 1533 859 nequid
1595 789 1990 860 praetermittere

267 877 546 947 videamur,
590 874 748 951 deque
792 879 1105 949 singulorum
1149 898 1242 934 usn
1266 892 1313 934 et
1339 883 1633 935 anctoritate
1677 880 1861 935 dicturi
1904 900 1985 936 sn-

266 991 409 1027 mus:
454 992 538 1028 eos
581 975 713 1027 enim
757 984 1037 1052 compertos
1080 973 1468 1046 exploratosque
1512 974 1696 1029 habere
1737 974 1880 1029 valde
1924 975 1986 1029 iis

262 1065 507 1139 proderit,
561 1068 647 1140 qni
693 1067 863 1122 volunt
906 1067 956 1121 in
1001 1067 1094 1121 hac
1140 1065 1375 1122 facultate
1421 1067 1678 1142 proficere.

879 1275 1376 1301 ww

782 1461 854 1527 DE
914 1462 1088 1529 stcsst
1149 1460 1475 1530 SCRIPTUM

1019 1671 1062 1747 ς.
1114 1681 1203 1733 15.

562 1842 635 1886 DE
674 1842 859 1888 Llssltls
898 1842 1207 1888 SACRARUM
1243 1843 1684 1889 SCRll‘TURARUM

339 2018 600 2073 Generalis
663 2017 848 2074 Sacrae
909 2018 1198 2092 Scriptnrae
1259 2019 1443 2075 divisio
1505 2032 1576 2075 est
1638 2021 1689 2074 in
1747 2030 1886 2080 vetus
1938 2034 1985 2076 et

255 2130 441 2165 uocum
485 2116 530 2165 T
532 2124 881 2169 esttamenium.
926 2112 1085 2168 Vetus
1139 2132 1222 2169 eos
1273 2114 1619 2187 complectitur
1672 2114 1850 2182 libros,
1895 2116 1982 2186 qni

257 2206 320 2259 ad
366 2207 525 2276 legem
570 2228 597 2261 a
641 2205 820 2276 Moyse
864 2208 1253 2280 promulgatam,
1297 2219 1344 2262 et
1387 2207 1450 2260 ad
1478 2206 1785 2262 Judaeorum
1822 2205 1985 2277 Syna-

258 2318 443 2369 gogam
519 2312 760 2373 spectant.
822 2297 1026 2355 Novum
1087 2313 1249 2355 antem
1311 2321 1393 2355 ecs
1454 2303 1709 2370 continet,
1771 2302 1857 2373 qni
1918 2300 1983 2354 ad

258 2393 418 2462 legem
464 2391 656 2448 Christi
699 2392 925 2462 Domini,
970 2406 1116 2466 atque
1159 2395 1224 2448 ad
1268 2393 1549 2448 Ecclesiam
1598 2396 1860 2467 pertinent.

336 2488 562 2543 Ecclesia
607 2487 870 2543 Catholica
915 2492 1229 2562 septuaginta
1273 2490 1398 2545 dnos
1443 2490 1600 2544 libros
1661 2509 1752 2563 pro
1805 2488 1977 2544 Sacris

256 2596 300 2636 et
343 2583 543 2638 Divinis
588 2585 783 2656 recipit,
831 2584 1060 2638 videlicet
1113 2585 1449 2657 qnadraginta
1513 2586 1734 2656 quinque
1780 2585 1979 2652 vetem,

255 2690 300 2730 et
344 2679 521 2747 viginti
574 2689 759 2750 septem
804 2678 921 2731 nevi
963 2676 1293 2746 Testamenti,
1338 2697 1462 2749 qnos
1524 2676 1823 2732 Tridentina
1883 2676 1979 2747 Sy-

255 2770 415 2823 nodns
461 2782 678 2825 recenset
722 2790 891 2825 omnes
936 2773 1233 2826 nominatim
1278 2790 1400 2827 sess.
1448 2769 1520 2824 IV
1562 2772 1612 2824 in
1657 2771 1854 2825 decreto
1916 2771 1977 2825 de

255 2861 524 2918 Canonicis
569 2863 863 2938 Scriptnris,
907 2865 974 2918 ita
1020 2864 1288 2934 snbjicens:
1354 2863 1527 2934 Siquis
1585 2875 1754 2918 atnam
1817 2863 1973 2919 libros
