2114 3289
355 109 424 158 74
473 114 567 160 LrB.
589 123 640 159 11.
664 123 710 158 G.
739 122 771 157 1.
803 120 861 154 DE
889 121 938 155 R.
964 119 1227 157 PONTIFIGE
1255 120 1428 164 EJUSQ.
1458 120 1796 158 ADJUTORIBUS

274 240 525 304 perentur.
571 224 686 283 Jam
728 222 845 280 inde
879 242 907 278 a
935 223 1133 280 saeculo
1177 225 1325 281 tertio
1367 223 1643 297 Dionysius
1688 224 1992 301 Alexandri-

269 341 362 379 nus
406 321 470 378 ad
513 320 817 390 Dionysium
872 315 1137 374 Summum
1199 316 1499 374 Pontificem
1560 320 1719 377 libros
1781 332 1995 393 quatuor

269 418 444 486 misit,
488 427 541 469 ut
583 423 810 468 nosceret
852 430 916 467 an
959 423 1090 468 recte
1141 411 1202 468 de
1258 410 1510 468 Trinitate
1568 415 1869 489 scripsisset.
1931 412 1996 469 Et

267 507 578 580 Augustinus
629 505 788 561 libros
832 517 1049 579 quatuor
1090 518 1265 562 contra
1309 505 1436 561 duas
1478 505 1871 579 Pelagianorum
1914 507 1999 564 lit-

271 615 400 658 teras
445 600 510 655 ad
554 598 877 655 Bonifacium
920 596 1224 656 Pontificem
1266 601 1425 669 misit,
1470 600 1762 671 significans
1805 619 1912 657 sese
1937 620 1995 658 ea

265 699 453 771 scripta
497 697 693 750 mittere
735 712 840 749 non
881 705 988 750 tam
1031 695 1277 750 discenda
1319 713 1474 767 quam
1518 697 1906 765 examinanda,
1953 706 2000 752 et

263 790 352 844 ubi
392 789 612 862 fors-itan
654 789 862 861 aliquid
904 789 1251 862 displicuerit,
1297 788 1640 860 emendanda.
1684 789 1831 847 Libri
1873 791 1996 848 Ori-

264 886 405 955 genis
467 883 532 939 ad
586 882 893 940 Pontianum
937 882 1278 954 Pontificem,
1321 883 1452 939 liber
1492 881 1693 956 Pelagii
1736 884 1801 940 ad
1844 882 1995 941 Inno-

267 981 485 1036 centium
530 978 572 1048 I,
615 979 737 1035 libri
779 963 1292 1034 Priscillianistarum
1319 978 1384 1034 ad
1412 977 1468 1036 S.
1497 977 1718 1034 Leonem
1745 977 1819 1036 M.
1850 981 1993 1036 missi

267 1072 502 1143 fuerunt,
562 1084 612 1127 et
669 1072 961 1128 eorumdem
1003 1070 1332 1129 Pontificum
1397 1072 1591 1143 judicio
1657 1072 1994 1129 condemnati.

266 1164 578 1223 Athanasius
641 1165 918 1237 Presbyter
978 1166 1043 1222 ad
1087 1165 1395 1238 Gregorium
1445 1165 1693 1238 Magnum
1735 1166 1996 1238 confugit,

266 1273 320 1316 ut
361 1263 646 1335 suspicione
688 1262 912 1317 haeresis
957 1279 1009 1317 se
1052 1273 1324 1336 purgaret:
1369 1259 1647 1333 Gregorius
1694 1262 1903 1331 veritUS,
1937 1280 1997 1316 ne

269 1356 393 1430 quid
454 1355 650 1411 fraudis
711 1356 973 1425 subesset,
1025 1356 1162 1411 illius
1213 1354 1522 1430 Episcopum
1573 1353 1822 1412 Joannem
1865 1354 2000 1414 Con-

273 1450 776 1524 stantinopolitanum
837 1449 1254 1521 interrogandum
1295 1451 1504 1506 censuit.
1565 1448 1786 1506 Joannes
1831 1462 1997 1505 autem

272 1564 324 1600 se
368 1544 610 1599 adversus
636 1542 998 1614 Presbyterum
1043 1556 1350 1600 commotum
1394 1543 1549 1600 fuisse
1577 1544 1856 1619 respondit,
1882 1563 2000 1619 pro-

267 1650 437 1712 pterea
497 1637 634 1710 quod
695 1637 830 1712 apud
891 1657 1003 1693 eum
1064 1637 1226 1694 codex
1285 1640 1513 1694 inventus
1565 1649 1693 1694 esset
1741 1638 1996 1694 haeretica

269 1731 384 1787 labe
443 1733 849 1801 contaminatus,
894 1744 941 1787 et
982 1731 1209 1787 codicem
1252 1733 1419 1806 ipsum
1463 1730 1713 1803 Gregorio
1756 1750 1998 1804 recogno-

269 1825 509 1882 scendum
568 1827 742 1881 misit:
792 1843 943 1898 quem
985 1826 1129 1898 quia,
1173 1827 1336 1901 inquit
1378 1824 1618 1882 Pontifex
1659 1845 1738 1901 ep.
1784 1830 1857 1882 66
1900 1825 1992 1883 lib.

271 1926 334 1991 6,
377 1921 448 1976 ad
490 1938 579 1974 nos
621 1922 819 1977 studuit
852 1940 954 1995 pro
997 1922 1342 1995 satisfactione
1385 1921 1755 1990 transmittere,
1791 1923 1998 1996 priores

268 2015 384 2089 ejus
416 2026 594 2087 partes
644 2015 865 2070 sollicita
924 2016 1136 2071 lectione
1187 2016 1565 2089 percurrimus,
1627 2016 1694 2070 Et
1752 2016 2000 2088 quoniam

267 2112 541 2184 manifesta
581 2112 639 2165 in
681 2131 738 2166 eo
779 2113 1067 2169 haereticae
1101 2114 1380 2186 pravitatis
1429 2131 1624 2169 venena
1674 2113 2000 2186 reperimus,

269 2224 333 2261 ne
377 2206 546 2260 denuo
590 2205 838 2261 debuisset
882 2208 982 2279 leyi
1026 2208 1296 2266 vetuimus,
1350 2206 1408 2262 In
1453 2228 1600 2282 quem
1643 2208 1809 2264 locum
1853 2205 2001 2263 Mau-

271 2302 406 2356 rini:
453 2303 718 2371 Aqnosce,
763 2302 1032 2374 inquiunt,
1075 2305 1344 2374 antiquam
1388 2304 1445 2357 in
1489 2302 1740 2357 Romanis
1782 2301 2002 2375 Pontifi-

271 2395 410 2448 cibus
469 2394 625 2448 libros
685 2394 885 2465 aliquos
917 2396 1233 2468 prohibendi
1267 2407 1606 2469 potestatem,
1652 2407 1698 2452 et
1738 2406 2001 2450 consuetu-

272 2489 479 2557 dinem,
524 2490 609 2544 cui
642 2508 832 2562 parere
875 2491 1178 2545 tenebantur
1220 2491 1376 2546 etiam
1418 2491 1701 2547 orientalis
1743 2489 1999 2545 Ecclesiae

271 2583 504 2651 alumni,
550 2585 1113 2658 Constantinopolitano
1157 2586 1500 2641 Patriarcltae
1543 2595 1634 2641 aut
1674 2585 1829 2640 alteri
1870 2584 2000 2639 alio-

273 2678 400 2748 quin
441 2679 653 2736 subditi.

335 2802 401 2846 De
428 2801 542 2862 jure
578 2808 622 2850 et
655 2801 787 2849 modo
837 2802 980 2849 libros
1027 2801 1138 2866 fidei
1172 2809 1215 2850 et
1258 2802 1464 2849 moribus
1510 2802 1683 2849 noxios
1725 2800 2007 2863 prohibendi

271 2880 526 2941 diligenter
561 2885 784 2933 disseruit
820 2887 1019 2933 Jacobus
1054 2887 1301 2933 Grctscrus
1336 2887 1540 2944 Operum
1575 2892 1688 2932 tom.
1720 2883 1796 2939 13,
1834 2891 1878 2930 et
1914 2884 2007 2931 Ga-
