2114 3289
360 130 470 183 138
574 143 688 183 cn.
719 144 791 181 111.
824 143 885 180 nn
916 141 1158 181 COLLEGT.
1191 142 1407 183 sAcnon.
1440 142 1687 181 canonum

275 250 369 305 sub
411 250 588 319 titulis,
633 268 719 305 sen
762 248 977 303 rubricis
1022 247 1233 318 singulis
1277 246 1458 303 inclusi
1519 248 2004 322 summatimexpo-

273 357 475 414 nuntur,
519 361 790 415 eorumque
833 343 1104 397 sententiae
1148 341 1240 396 sub
1286 361 1383 398 uno
1446 342 1596 397 veluti
1660 353 1862 416 aspectu
1914 361 2001 415 po-

272 450 471 493 nuntur.
517 435 653 491 Haec
699 434 989 491 Summaria
1035 436 1257 490 maximo
1300 436 1352 489 in
1396 437 1555 509 pretio
1586 435 1820 490 habenda
1865 442 2016 504 sunt‚'

272 545 318 587 et
361 531 635 587 canonibus
682 529 1070 604 interpretandis
1117 528 1262 584 valde
1313 541 1539 602 prosunt.
1584 528 1818 584 Attamen
1878 529 2004 600 legis

271 627 317 681 vi
361 637 548 694 carent,
593 623 727 697 quod
773 644 800 678 a
845 624 1055 698 privatis
1100 623 1431 697 scriptoribus
1477 623 1673 693 adjecta
1717 625 1833 679 sint.

351 717 651 774 Glossarum
697 719 896 773 nomine
939 717 1268 788 intelligimus
1316 715 1431 772 illas
1480 736 1727 773 canonum
1757 720 2001 791 interpre-

271 815 481 869 tationes
526 832 611 867 seu
654 813 1035 881 commentaria,
1080 812 1262 885 quibus
1293 823 1377 866 aut
1413 813 1706 880 sententiae,
1733 823 1817 866 aut
1849 812 1998 867 verba

268 927 515 962 canonum
560 919 893 981 exponuntur.
929 904 984 959 In
1016 904 1240 980 Corpore
1271 906 1429 979 ipsius
1456 903 1594 960 Juris
1623 905 1687 960 ad
1720 906 2000 976 marginem

268 1014 430 1057 textus
476 1001 805 1069 collocantur,
851 999 937 1053 sed
982 1002 1292 1074 privatorum
1357 1019 1509 1074 opera
1571 1011 1805 1054 exaratae
1867 1011 2000 1068 sunt,

268 1115 354 1150 nec
401 1114 620 1168 unquam
666 1116 755 1169 pro
801 1094 906 1165 lege
967 1094 1296 1168 approbatae3
1357 1093 1685 1167 quamobrem
1741 1105 1998 1166 tamquam

268 1192 493 1264 privatae
539 1191 865 1264 interpretum
910 1189 1289 1263 explanationes
1333 1187 1595 1243 habendae
1640 1199 1770 1243 sunt.

1033 1359 1077 1433 g,
1126 1366 1218 1419 60.

830 1502 901 1547 DE
940 1502 1079 1547 JURE
1119 1501 1438 1547 Nculsssmn]

346 1664 435 1718 Jus
482 1666 814 1719 novissimum
862 1683 1097 1719 vocamus
1143 1663 1339 1733 regulas
1385 1682 1555 1718 omnes
1611 1663 1996 1732 ecclesiasticas³

267 1778 394 1830 quae
438 1771 549 1833 post
594 1760 862 1812 recensitas
894 1758 1058 1813 adhuc
1090 1758 1407 1812 collectiones
1439 1778 1465 1812 a
1497 1758 1721 1828 legitima
1754 1769 1996 1831 potestate

268 1858 565 1910 constitutae
615 1867 746 1910 sunt.
810 1853 1249 1909 Pracnmnendum
1312 1865 1404 1923 est,
1463 1856 1511 1908 in
1576 1852 1800 1928 Corpore
1859 1852 1997 1908 Juris

273 1947 518 2004 Canonici
562 1969 720 2023 neque
766 1949 891 2004 ullas
937 1947 1243 2003 Pontificum
1288 1946 1682 2003 Constitutiones
1727 1960 1838 2022 post
1883 1946 2000 2004 Six-

265 2058 368 2099 tum
432 2045 503 2099 lV
563 2047 798 2114 inveniri,
844 2065 1001 2118 neque
1033 2048 1182 2100 etiam
1215 2045 1342 2099 ullos
1373 2064 1587 2100 canones
1629 2042 1994 2113 Conciliorum,

267 2143 371 2195 sive
434 2140 824 2213 provincialium
887 2162 913 2195 a
974 2138 1223 2209 Gregorio
1285 2137 1359 2192 IX
1404 2137 1467 2193 ad
1537 2150 1761 2192 nostram
1843 2158 1997 2211 usque

266 2246 498 2303 aetatem,
570 2235 673 2287 sive
717 2235 1027 2304 generalium
1099 2245 1210 2306 post
1272 2232 1553 2287 Viennense
1631 2232 1994 2287 celebratorum

265 2330 439 2384 eodem
484 2327 708 2402 Corpore
768 2328 905 2383 Juris
966 2331 1228 2384 contineri.
1292 2328 1451 2399 Igitur
1509 2327 1598 2382 Jus
1661 2329 1992 2381 novissimum

263 2424 525 2479 conficitur
572 2422 654 2480 1.O
698 2444 759 2478 ex
803 2424 1079 2477 canonibus
1125 2421 1489 2491 Conciliorum,
1535 2424 1621 2494 qui
1666 2424 1714 2476 in
1768 2419 1992 2493 Corpore

265 2517 405 2574 Juris
449 2519 730 2573 communis
775 2536 871 2572 non
925 2528 1112 2571 extant:
1183 2514 1264 2572 20
1331 2514 1784 2571 Constitutionibus
1849 2513 1997 2569 Sum-

265 2633 458 2667 morum
506 2612 811 2668 Pontificum
855 2624 966 2684 post
1010 2610 1209 2666 Sixtum
1258 2610 1329 2664 IV
1372 2610 1537 2664 editis:
1575 2606 1658 2665 3.Ο
1690 2628 1751 2662 ex
1781 2607 1993 2679 Regulis

265 2705 627 2762 Cancellariae.
674 2705 767 2761 His
813 2706 1038 2760 nonnulli
1084 2703 1386 2759 Canonistae
1430 2704 1621 2758 addunt
1670 2704 1992 2756 Concorduta

263 2821 347 2855 seu
392 2814 534 2875 pacta
580 2804 707 2857 inter
750 2799 1091 2874 Apostolicam
1154 2797 1364 2867 Sedent,
1425 2810 1469 2852 ct
1533 2798 1696 2852 varias
1763 2799 1988 2853 nationes

262 2907 518 2950 conventa.
