<?xml version="1.0" encoding="UTF-8"?>
<!DOCTYPE html PUBLIC "-//W3C//DTD XHTML 1.0 Transitional//EN"
    "http://www.w3.org/TR/xhtml1/DTD/xhtml1-transitional.dtd">
<html xmlns="http://www.w3.org/1999/xhtml" xml:lang="en" lang="en">
 <head>
  <title>
</title>
<meta http-equiv="Content-Type" content="text/html;charset=utf-8" />
  <meta name='ocr-system' content='tesseract 3.04.00' />
  <meta name='ocr-capabilities' content='ocr_page ocr_carea ocr_par ocr_line ocrx_word'/>
</head>
<body>
  <div class='ocr_page' id='page_1' title='image "./joanniscardinali00sogl_0257.png"; bbox 0 0 2114 3289; ppageno 0'>
   <div class='ocr_carea' id='block_1_1' title="bbox 567 100 1798 178">
    <p class='ocr_par' dir='ltr' id='par_1_1' title="bbox 567 100 1798 178">
     <span class='ocr_line' id='line_1_1' title="bbox 567 100 1798 178; baseline 0.001 -16"><span class='ocrx_word' id='word_1_1' title='bbox 567 100 610 178; x_wconf 69' lang='lat' dir='ltr'><em>S.</em></span> <span class='ocrx_word' id='word_1_2' title='bbox 656 125 802 162; x_wconf 76' lang='lat' dir='ltr'><strong>xxvl.</strong></span> <span class='ocrx_word' id='word_1_3' title='bbox 851 126 909 161; x_wconf 86' lang='lat' dir='ltr'><em>DE</em></span> <span class='ocrx_word' id='word_1_4' title='bbox 952 127 1072 162; x_wconf 65' lang='lat' dir='ltr'><em>soma</em></span> <span class='ocrx_word' id='word_1_5' title='bbox 1114 125 1457 164; x_wconf 74' lang='lat' dir='ltr'><em>cANoMZANm</em></span> <span class='ocrx_word' id='word_1_6' title='bbox 1728 113 1798 163; x_wconf 84' lang='lat'><em>83</em></span> 
     </span>
    </p>
   </div>
   <div class='ocr_carea' id='block_1_2' title="bbox 140 228 1887 1338">
    <p class='ocr_par' dir='ltr' id='par_1_2' title="bbox 140 228 1887 1338">
     <span class='ocr_line' id='line_1_2' title="bbox 162 228 1883 302; baseline 0.002 -20"><span class='ocrx_word' id='word_1_7' title='bbox 162 229 352 301; x_wconf 80' lang='lat' dir='ltr'><em>liquias</em></span> <span class='ocrx_word' id='word_1_8' title='bbox 410 229 471 283; x_wconf 82' lang='lat' dir='ltr'><em>de</em></span> <span class='ocrx_word' id='word_1_9' title='bbox 518 247 648 282; x_wconf 81' lang='lat' dir='ltr'><em>novo</em></span> <span class='ocrx_word' id='word_1_10' title='bbox 689 229 920 283; x_wconf 74' lang='lat' dir='ltr'><em>inventas</em></span> <span class='ocrx_word' id='word_1_11' title='bbox 963 248 1109 284; x_wconf 86' lang='lat' dir='ltr'><em>nemo</em></span> <span class='ocrx_word' id='word_1_12' title='bbox 1146 230 1348 302; x_wconf 84' lang='lat' dir='ltr'><em>publice</em></span> <span class='ocrx_word' id='word_1_13' title='bbox 1390 228 1631 284; x_wconf 80' lang='lat' dir='ltr'><em>venerari</em></span> <span class='ocrx_word' id='word_1_14' title='bbox 1665 248 1883 302; x_wconf 87' lang='lat' dir='ltr'><em>praesu-</em></span> 
     </span>
     <span class='ocr_line' id='line_1_3' title="bbox 160 322 1885 400; baseline 0.002 -23"><span class='ocrx_word' id='word_1_15' title='bbox 160 335 303 389; x_wconf 79' lang='lat' dir='ltr'><em>mat,</em></span> <span class='ocrx_word' id='word_1_16' title='bbox 366 322 466 376; x_wconf 82' lang='lat' dir='ltr'><em>nisi</em></span> <span class='ocrx_word' id='word_1_17' title='bbox 516 323 677 400; x_wconf 64' lang='lat' dir='ltr'><em>prius</em></span> <span class='ocrx_word' id='word_1_18' title='bbox 726 324 1031 378; x_wconf 84' lang='lat' dir='ltr'><em>auctoritate</em></span> <span class='ocrx_word' id='word_1_19' title='bbox 1092 325 1318 379; x_wconf 84' lang='lat' dir='ltr'><em>Romani</em></span> <span class='ocrx_word' id='word_1_20' title='bbox 1375 324 1641 397; x_wconf 83' lang='lat' dir='ltr'><em>Pontificis</em></span> <span class='ocrx_word' id='word_1_21' title='bbox 1689 325 1885 396; x_wconf 83' lang='lat' dir='ltr'><em>fuerint</em></span> 
     </span>
     <span class='ocr_line' id='line_1_4' title="bbox 159 417 1887 493; baseline 0.002 -23"><span class='ocrx_word' id='word_1_22' title='bbox 159 417 500 489; x_wconf 78' lang='lat' dir='ltr'><em>approbatae,</em></span> <span class='ocrx_word' id='word_1_23' title='bbox 545 418 624 486; x_wconf 83' lang='lat' dir='ltr'><em>jus</em></span> <span class='ocrx_word' id='word_1_24' title='bbox 670 418 1004 474; x_wconf 79' lang='lat' dir='ltr'><em>canonizandi</em></span> <span class='ocrx_word' id='word_1_25' title='bbox 1051 420 1201 472; x_wconf 84' lang='lat' dir='ltr'><em>unius</em></span> <span class='ocrx_word' id='word_1_26' title='bbox 1246 418 1566 493; x_wconf 78' lang='lat' dir='ltr'><em>Apostolicae</em></span> <span class='ocrx_word' id='word_1_27' title='bbox 1612 417 1759 474; x_wconf 82' lang='lat' dir='ltr'><em>Sedis</em></span> <span class='ocrx_word' id='word_1_28' title='bbox 1803 440 1887 493; x_wconf 88' lang='lat' dir='ltr'><em>pe-</em></span> 
     </span>
     <span class='ocr_line' id='line_1_5' title="bbox 157 510 1883 584; baseline 0.002 -19"><span class='ocrx_word' id='word_1_29' title='bbox 157 510 343 565; x_wconf 75' lang='lat' dir='ltr'><em>culiare</em></span> <span class='ocrx_word' id='word_1_30' title='bbox 403 521 448 564; x_wconf 81' lang='lat' dir='ltr'><em>et</em></span> <span class='ocrx_word' id='word_1_31' title='bbox 508 513 771 584; x_wconf 77' lang='lat' dir='ltr'><em>proprium</em></span> <span class='ocrx_word' id='word_1_32' title='bbox 831 530 938 565; x_wconf 85' lang='lat' dir='ltr'><em>esse</em></span> <span class='ocrx_word' id='word_1_33' title='bbox 999 524 1335 568; x_wconf 79' lang='lat' dir='ltr'><em>asseruerunt.</em></span> <span class='ocrx_word' id='word_1_34' title='bbox 1403 511 1481 567; x_wconf 84' lang='lat' dir='ltr'><em>An</em></span> <span class='ocrx_word' id='word_1_35' title='bbox 1534 533 1649 569; x_wconf 82' lang='lat' dir='ltr'><em>vero</em></span> <span class='ocrx_word' id='word_1_36' title='bbox 1700 514 1883 569; x_wconf 83' lang='lat' dir='ltr'><em>horum</em></span> 
     </span>
     <span class='ocr_line' id='line_1_6' title="bbox 156 602 1883 681; baseline 0.003 -24"><span class='ocrx_word' id='word_1_37' title='bbox 156 602 458 659; x_wconf 86' lang='lat' dir='ltr'><em>Pontificum</em></span> <span class='ocrx_word' id='word_1_38' title='bbox 494 624 550 658; x_wconf 80' lang='lat' dir='ltr'><em>ea</em></span> <span class='ocrx_word' id='word_1_39' title='bbox 588 623 725 659; x_wconf 83' lang='lat' dir='ltr'><em>mens</em></span> <span class='ocrx_word' id='word_1_40' title='bbox 770 604 935 673; x_wconf 75' lang='lat' dir='ltr'><em>fuerit,</em></span> <span class='ocrx_word' id='word_1_41' title='bbox 966 617 1016 659; x_wconf 86' lang='lat' dir='ltr'><em>ut</em></span> <span class='ocrx_word' id='word_1_42' title='bbox 1057 606 1137 675; x_wconf 85' lang='lat' dir='ltr'><em>jus</em></span> <span class='ocrx_word' id='word_1_43' title='bbox 1180 607 1331 660; x_wconf 79' lang='lat' dir='ltr'><em>etiam</em></span> <span class='ocrx_word' id='word_1_44' title='bbox 1375 607 1700 662; x_wconf 76' lang='lat' dir='ltr'><em>beatificandi</em></span> <span class='ocrx_word' id='word_1_45' title='bbox 1744 607 1883 681; x_wconf 81' lang='lat' dir='ltr'><em>Apo-</em></span> 
     </span>
     <span class='ocr_line' id='line_1_7' title="bbox 155 696 1880 772; baseline 0.003 -20"><span class='ocrx_word' id='word_1_46' title='bbox 155 697 362 752; x_wconf 83' lang='lat' dir='ltr'><em>stolicae</em></span> <span class='ocrx_word' id='word_1_47' title='bbox 404 696 525 753; x_wconf 80' lang='lat' dir='ltr'><em>Sedi</em></span> <span class='ocrx_word' id='word_1_48' title='bbox 570 699 815 753; x_wconf 81' lang='lat' dir='ltr'><em>reservari</em></span> <span class='ocrx_word' id='word_1_49' title='bbox 862 699 1126 767; x_wconf 74' lang='lat' dir='ltr'><em>voluerint,</em></span> <span class='ocrx_word' id='word_1_50' title='bbox 1172 697 1415 754; x_wconf 80' lang='lat' dir='ltr'>Doctores</span> <span class='ocrx_word' id='word_1_51' title='bbox 1460 700 1734 772; x_wconf 78' lang='lat' dir='ltr'><em>disputant.</em></span> <span class='ocrx_word' id='word_1_52' title='bbox 1779 700 1880 757; x_wconf 82' lang='lat' dir='ltr'><em>Pa-</em></span> 
     </span>
     <span class='ocr_line' id='line_1_8' title="bbox 148 791 1878 866; baseline 0.002 -21"><span class='ocrx_word' id='word_1_53' title='bbox 148 792 450 865; x_wconf 82' lang='lat' dir='ltr'><em>pebrochius</em></span> <span class='ocrx_word' id='word_1_54' title='bbox 479 794 528 846; x_wconf 83' lang='lat' dir='ltr'><em>in</em></span> <span class='ocrx_word' id='word_1_55' title='bbox 556 791 809 866; x_wconf 78' lang='lat' dir='ltr'><em>Propyleo</em></span> <span class='ocrx_word' id='word_1_56' title='bbox 857 791 988 863; x_wconf 79' lang='lat' dir='ltr'>Maji</span> <span class='ocrx_word' id='word_1_57' title='bbox 1033 792 1233 848; x_wconf 77' lang='lat' dir='ltr'><strong>dissert.</strong></span> <span class='ocrx_word' id='word_1_58' title='bbox 1283 796 1353 847; x_wconf 73' lang='lat'><em>⁶20</em></span> <span class='ocrx_word' id='word_1_59' title='bbox 1399 796 1494 848; x_wconf 80' lang='lat' dir='ltr'><em>ait:</em></span> <span class='ocrx_word' id='word_1_60' title='bbox 1540 797 1714 866; x_wconf 80' lang='lat' dir='ltr'><em>Neque</em></span> <span class='ocrx_word' id='word_1_61' title='bbox 1754 806 1878 849; x_wconf 87' lang='lat' dir='ltr'><em>tunc</em></span> 
     </span>
     <span class='ocr_line' id='line_1_9' title="bbox 140 876 1879 964; baseline 0.003 -25"><span class='ocrx_word' id='word_1_62' title='bbox 140 896 457 959; x_wconf 75' lang='lat' dir='ltr'><em>putaverunt</em></span> <span class='ocrx_word' id='word_1_63' title='bbox 510 887 752 959; x_wconf 78' lang='lat' dir='ltr'><em>Episcopi</em></span> <span class='ocrx_word' id='word_1_64' title='bbox 794 887 1047 941; x_wconf 73' lang='lat' dir='ltr'><em>sublatam</em></span> <span class='ocrx_word' id='word_1_65' title='bbox 1089 888 1186 942; x_wconf 88' lang='lat' dir='ltr'><em>sibi</em></span> <span class='ocrx_word' id='word_1_66' title='bbox 1226 876 1522 961; x_wconf 78' lang='lat' dir='ltr'><em>facultatem</em></span> <span class='ocrx_word' id='word_1_67' title='bbox 1566 890 1704 944; x_wconf 86' lang='lat' dir='ltr'><em>circa</em></span> <span class='ocrx_word' id='word_1_68' title='bbox 1746 891 1879 964; x_wconf 82' lang='lat' dir='ltr'><em>infe-</em></span> 
     </span>
     <span class='ocr_line' id='line_1_10' title="bbox 148 980 1878 1053; baseline 0.002 -18"><span class='ocrx_word' id='word_1_69' title='bbox 148 980 306 1035; x_wconf 85' lang='lat' dir='ltr'><em>rioris</em></span> <span class='ocrx_word' id='word_1_70' title='bbox 368 981 569 1035; x_wconf 78' lang='lat' dir='ltr'><em>ordinis</em></span> <span class='ocrx_word' id='word_1_71' title='bbox 629 981 861 1048; x_wconf 81' lang='lat' dir='ltr'><em>cultum,</em></span> <span class='ocrx_word' id='word_1_72' title='bbox 906 999 1055 1053; x_wconf 82' lang='lat' dir='ltr'><em>quem</em></span> <span class='ocrx_word' id='word_1_73' title='bbox 1098 985 1380 1037; x_wconf 87' lang='lat' dir='ltr'><em>Beatorum</em></span> <span class='ocrx_word' id='word_1_74' title='bbox 1424 983 1682 1051; x_wconf 75' lang='lat' dir='ltr'><em>dicimus,</em></span> <span class='ocrx_word' id='word_1_75' title='bbox 1727 986 1878 1039; x_wconf 79' lang='lat' dir='ltr'><em>modo</em></span> 
     </span>
     <span class='ocr_line' id='line_1_11' title="bbox 150 1075 1876 1147; baseline 0.004 -19"><span class='ocrx_word' id='word_1_76' title='bbox 150 1075 212 1128; x_wconf 87' lang='lat' dir='ltr'><em>ab</em></span> <span class='ocrx_word' id='word_1_77' title='bbox 255 1075 428 1147; x_wconf 80' lang='lat' dir='ltr'><em>Officio</em></span> <span class='ocrx_word' id='word_1_78' title='bbox 457 1086 501 1129; x_wconf 91' lang='lat' dir='ltr'><em>et</em></span> <span class='ocrx_word' id='word_1_79' title='bbox 529 1076 692 1131; x_wconf 85' lang='lat' dir='ltr'><em>Missa</em></span> <span class='ocrx_word' id='word_1_80' title='bbox 718 1076 1078 1132; x_wconf 76' lang='lat' dir='ltr'><em>abstineretur.</em></span> <span class='ocrx_word' id='word_1_81' title='bbox 1124 1075 1226 1132; x_wconf 77' lang='lat' dir='ltr'><em>Sed</em></span> <span class='ocrx_word' id='word_1_82' title='bbox 1254 1076 1491 1133; x_wconf 80' lang='lat' dir='ltr'><em>Urbanus</em></span> <span class='ocrx_word' id='word_1_83' title='bbox 1517 1077 1646 1132; x_wconf 90' lang='lat' dir='ltr'>VIII</span> <span class='ocrx_word' id='word_1_84' title='bbox 1676 1099 1876 1135; x_wconf 84' lang='lat' dir='ltr'><em>omnem</em></span> 
     </span>
     <span class='ocr_line' id='line_1_12' title="bbox 156 1168 1874 1240; baseline 0.003 -17"><span class='ocrx_word' id='word_1_85' title='bbox 156 1168 423 1224; x_wconf 82' lang='lat' dir='ltr'><em>dubitandi</em></span> <span class='ocrx_word' id='word_1_86' title='bbox 467 1171 712 1225; x_wconf 81' lang='lat' dir='ltr'><em>rationem</em></span> <span class='ocrx_word' id='word_1_87' title='bbox 755 1172 959 1226; x_wconf 83' lang='lat' dir='ltr'><em>omnino</em></span> <span class='ocrx_word' id='word_1_88' title='bbox 1005 1171 1241 1240; x_wconf 77' lang='lat' dir='ltr'><em>sustulit,</em></span> <span class='ocrx_word' id='word_1_89' title='bbox 1284 1171 1519 1226; x_wconf 79' lang='lat' dir='ltr'><em>facultate</em></span> <span class='ocrx_word' id='word_1_90' title='bbox 1562 1174 1714 1228; x_wconf 82' lang='lat' dir='ltr'><em>etiam</em></span> <span class='ocrx_word' id='word_1_91' title='bbox 1756 1173 1874 1229; x_wconf 82' lang='lat' dir='ltr'><em>bea-</em></span> 
     </span>
     <span class='ocr_line' id='line_1_13' title="bbox 149 1263 1660 1338; baseline 0.003 -20"><span class='ocrx_word' id='word_1_92' title='bbox 149 1264 375 1320; x_wconf 82' lang='lat' dir='ltr'><em>tificandi</em></span> <span class='ocrx_word' id='word_1_93' title='bbox 418 1264 564 1338; x_wconf 82' lang='lat' dir='ltr'><em>plane</em></span> <span class='ocrx_word' id='word_1_94' title='bbox 608 1276 873 1338; x_wconf 76' lang='lat' dir='ltr'><em>aperteque</em></span> <span class='ocrx_word' id='word_1_95' title='bbox 917 1263 1180 1320; x_wconf 79' lang='lat' dir='ltr'><em>Romanae</em></span> <span class='ocrx_word' id='word_1_96' title='bbox 1224 1263 1346 1320; x_wconf 81' lang='lat' dir='ltr'><em>Sedi</em></span> <span class='ocrx_word' id='word_1_97' title='bbox 1389 1278 1660 1322; x_wconf 80' lang='lat' dir='ltr'><em>reservata.</em></span> 
     </span>
    </p>
   </div>
   <div class='ocr_carea' id='block_1_3' title="bbox 133 1478 1886 2847">
    <p class='ocr_par' dir='ltr' id='par_1_3' title="bbox 133 1478 1886 2666">
     <span class='ocr_line' id='line_1_14' title="bbox 211 1478 1885 1540; baseline 0.002 -14"><span class='ocrx_word' id='word_1_98' title='bbox 211 1480 433 1534; x_wconf 80' lang='lat' dir='ltr'><em>Quaestio</em></span> <span class='ocrx_word' id='word_1_99' title='bbox 472 1487 559 1536; x_wconf 77' lang='lat' dir='ltr'><em>est,</em></span> <span class='ocrx_word' id='word_1_100' title='bbox 598 1492 657 1525; x_wconf 76' lang='lat' dir='ltr'><em>an</em></span> <span class='ocrx_word' id='word_1_101' title='bbox 694 1480 883 1527; x_wconf 80' lang='lat' dir='ltr'><em>decreta</em></span> <span class='ocrx_word' id='word_1_102' title='bbox 919 1480 1337 1527; x_wconf 80' lang='lat' dir='ltr'><em>canonizationnm</em></span> <span class='ocrx_word' id='word_1_103' title='bbox 1376 1482 1489 1537; x_wconf 84' lang='lat' dir='ltr'><em>sint,</em></span> <span class='ocrx_word' id='word_1_104' title='bbox 1526 1488 1578 1528; x_wconf 84' lang='lat' dir='ltr'><em>ut</em></span> <span class='ocrx_word' id='word_1_105' title='bbox 1613 1478 1768 1540; x_wconf 80' lang='lat' dir='ltr'><em>ajunt,</em></span> <span class='ocrx_word' id='word_1_106' title='bbox 1805 1482 1885 1530; x_wconf 85' lang='lat' dir='ltr'><em>in-</em></span> 
     </span>
     <span class='ocr_line' id='line_1_15' title="bbox 140 1559 1886 1622; baseline 0.003 -16"><span class='ocrx_word' id='word_1_107' title='bbox 140 1559 395 1622; x_wconf 82' lang='lat' dir='ltr'><em>fallibilia;</em></span> <span class='ocrx_word' id='word_1_108' title='bbox 434 1568 479 1607; x_wconf 87' lang='lat' dir='ltr'><em>et</em></span> <span class='ocrx_word' id='word_1_109' title='bbox 516 1562 563 1606; x_wconf 89' lang='lat' dir='ltr'><em>in</em></span> <span class='ocrx_word' id='word_1_110' title='bbox 602 1569 845 1620; x_wconf 83' lang='lat' dir='ltr'><em>utramque</em></span> <span class='ocrx_word' id='word_1_111' title='bbox 882 1567 1064 1619; x_wconf 82' lang='lat' dir='ltr'><em>partem</em></span> <span class='ocrx_word' id='word_1_112' title='bbox 1100 1562 1244 1608; x_wconf 82' lang='lat' dir='ltr'><em>multa</em></span> <span class='ocrx_word' id='word_1_113' title='bbox 1282 1563 1592 1609; x_wconf 77' lang='lat' dir='ltr'><em>disseruntur.</em></span> <span class='ocrx_word' id='word_1_114' title='bbox 1626 1565 1772 1610; x_wconf 89' lang='lat' dir='ltr'><em>Nobis</em></span> <span class='ocrx_word' id='word_1_115' title='bbox 1809 1578 1886 1611; x_wconf 82' lang='lat' dir='ltr'><em>sa-</em></span> 
     </span>
     <span class='ocr_line' id='line_1_16' title="bbox 140 1643 1886 1704; baseline 0.003 -17"><span class='ocrx_word' id='word_1_116' title='bbox 140 1643 203 1688; x_wconf 72' lang='lat' dir='ltr'><em>tis</em></span> <span class='ocrx_word' id='word_1_117' title='bbox 240 1643 330 1688; x_wconf 81' lang='lat' dir='ltr'><em>erit</em></span> <span class='ocrx_word' id='word_1_118' title='bbox 366 1644 506 1689; x_wconf 80' lang='lat' dir='ltr'><em>verba</em></span> <span class='ocrx_word' id='word_1_119' title='bbox 542 1643 589 1689; x_wconf 87' lang='lat' dir='ltr'><em>S.</em></span> <span class='ocrx_word' id='word_1_120' title='bbox 627 1643 830 1689; x_wconf 82' lang='lat' dir='ltr'><em>Thomae</em></span> <span class='ocrx_word' id='word_1_121' title='bbox 867 1643 1078 1700; x_wconf 86' lang='lat' dir='ltr'><em>quodlib.</em></span> <span class='ocrx_word' id='word_1_122' title='bbox 1119 1643 1148 1687; x_wconf 84' lang='lat'>9</span> <span class='ocrx_word' id='word_1_123' title='bbox 1185 1649 1272 1688; x_wconf 78' lang='lat' dir='ltr'><em>art.</em></span> <span class='ocrx_word' id='word_1_124' title='bbox 1316 1644 1374 1689; x_wconf 82' lang='lat'><em>16</em></span> <span class='ocrx_word' id='word_1_125' title='bbox 1420 1644 1469 1689; x_wconf 89' lang='lat' dir='ltr'><em>in</em></span> <span class='ocrx_word' id='word_1_126' title='bbox 1518 1646 1724 1691; x_wconf 85' lang='lat' dir='ltr'><em>medium</em></span> <span class='ocrx_word' id='word_1_127' title='bbox 1773 1660 1886 1704; x_wconf 80' lang='lat' dir='ltr'><em>pro-</em></span> 
     </span>
     <span class='ocr_line' id='line_1_17' title="bbox 139 1721 1884 1787; baseline 0.003 -19"><span class='ocrx_word' id='word_1_128' title='bbox 139 1721 282 1769; x_wconf 84' lang='lat' dir='ltr'><em>ferre:</em></span> <span class='ocrx_word' id='word_1_129' title='bbox 324 1724 508 1769; x_wconf 82' lang='lat' dir='ltr'><em>Certum</em></span> <span class='ocrx_word' id='word_1_130' title='bbox 544 1729 630 1780; x_wconf 88' lang='lat' dir='ltr'><em>est,</em></span> <span class='ocrx_word' id='word_1_131' title='bbox 668 1724 842 1787; x_wconf 84' lang='lat' dir='ltr'><em>inquit,</em></span> <span class='ocrx_word' id='word_1_132' title='bbox 879 1721 1000 1784; x_wconf 78' lang='lat' dir='ltr'><em>quod</em></span> <span class='ocrx_word' id='word_1_133' title='bbox 1038 1722 1283 1784; x_wconf 81' lang='lat' dir='ltr'><em>judicium</em></span> <span class='ocrx_word' id='word_1_134' title='bbox 1326 1722 1561 1771; x_wconf 76' lang='lat' dir='ltr'><em>Ecclesiae</em></span> <span class='ocrx_word' id='word_1_135' title='bbox 1596 1724 1884 1773; x_wconf 81' lang='lat' dir='ltr'><em>universalis</em></span> 
     </span>
     <span class='ocr_line' id='line_1_18' title="bbox 139 1802 1884 1866; baseline 0.002 -16"><span class='ocrx_word' id='word_1_136' title='bbox 139 1817 299 1850; x_wconf 85' lang='lat' dir='ltr'><em>errare</em></span> <span class='ocrx_word' id='word_1_137' title='bbox 334 1804 388 1850; x_wconf 86' lang='lat' dir='ltr'><em>in</em></span> <span class='ocrx_word' id='word_1_138' title='bbox 423 1803 507 1862; x_wconf 89' lang='lat' dir='ltr'><em>iis,</em></span> <span class='ocrx_word' id='word_1_139' title='bbox 545 1818 661 1865; x_wconf 83' lang='lat' dir='ltr'><em>quae</em></span> <span class='ocrx_word' id='word_1_140' title='bbox 696 1802 757 1849; x_wconf 77' lang='lat' dir='ltr'><em>ad</em></span> <span class='ocrx_word' id='word_1_141' title='bbox 792 1802 927 1866; x_wconf 82' lang='lat' dir='ltr'><em>fidem</em></span> <span class='ocrx_word' id='word_1_142' title='bbox 958 1804 1219 1866; x_wconf 75' lang='lat' dir='ltr'><em>pertinent,</em></span> <span class='ocrx_word' id='word_1_143' title='bbox 1251 1804 1537 1866; x_wconf 77' lang='lat' dir='ltr'><em>impossibiie</em></span> <span class='ocrx_word' id='word_1_144' title='bbox 1574 1806 1652 1852; x_wconf 85' lang='lat' dir='ltr'><em>sit.</em></span> <span class='ocrx_word' id='word_1_145' title='bbox 1678 1806 1734 1852; x_wconf 82' lang='lat' dir='ltr'><em>In</em></span> <span class='ocrx_word' id='word_1_146' title='bbox 1770 1807 1884 1854; x_wconf 82' lang='lat' dir='ltr'><em>aliis</em></span> 
     </span>
     <span class='ocr_line' id='line_1_19' title="bbox 139 1884 1886 1948; baseline 0.002 -17"><span class='ocrx_word' id='word_1_147' title='bbox 139 1898 246 1931; x_wconf 80' lang='lat' dir='ltr'><em>vero</em></span> <span class='ocrx_word' id='word_1_148' title='bbox 283 1884 549 1942; x_wconf 74' lang='lat' dir='ltr'><em>sententiis,</em></span> <span class='ocrx_word' id='word_1_149' title='bbox 587 1900 701 1947; x_wconf 83' lang='lat' dir='ltr'><em>quae</em></span> <span class='ocrx_word' id='word_1_150' title='bbox 737 1884 799 1931; x_wconf 83' lang='lat' dir='ltr'><em>ad</em></span> <span class='ocrx_word' id='word_1_151' title='bbox 840 1884 1163 1947; x_wconf 84' lang='lat' dir='ltr'><em>particularia</em></span> <span class='ocrx_word' id='word_1_152' title='bbox 1211 1884 1340 1947; x_wconf 82' lang='lat' dir='ltr'><em>facta</em></span> <span class='ocrx_word' id='word_1_153' title='bbox 1382 1885 1645 1948; x_wconf 71' lang='lat' dir='ltr'><em>pertinent,</em></span> <span class='ocrx_word' id='word_1_154' title='bbox 1681 1894 1734 1934; x_wconf 87' lang='lat' dir='ltr'><em>ut</em></span> <span class='ocrx_word' id='word_1_155' title='bbox 1782 1903 1886 1935; x_wconf 87' lang='lat' dir='ltr'><em>cum</em></span> 
     </span>
     <span class='ocr_line' id='line_1_20' title="bbox 137 1965 1882 2030; baseline 0.002 -18"><span class='ocrx_word' id='word_1_156' title='bbox 137 1967 297 2027; x_wconf 70' lang='lat' dir='ltr'><em>aqitur</em></span> <span class='ocrx_word' id='word_1_157' title='bbox 332 1965 384 2013; x_wconf 78' lang='lat' dir='ltr'><em>de</em></span> <span class='ocrx_word' id='word_1_158' title='bbox 414 1966 807 2028; x_wconf 82' lang='lat' dir='ltr'><em>possessionibus,</em></span> <span class='ocrx_word' id='word_1_159' title='bbox 845 1967 916 2014; x_wconf 79' lang='lat' dir='ltr'><em>vel</em></span> <span class='ocrx_word' id='word_1_160' title='bbox 951 1966 1003 2014; x_wconf 83' lang='lat' dir='ltr'><em>cle</em></span> <span class='ocrx_word' id='word_1_161' title='bbox 1039 1967 1336 2023; x_wconf 77' lang='lat' dir='ltr'><em>criminibus,</em></span> <span class='ocrx_word' id='word_1_162' title='bbox 1373 1967 1444 2014; x_wconf 70' lang='lat' dir='ltr'><em>vel</em></span> <span class='ocrx_word' id='word_1_163' title='bbox 1490 1966 1543 2014; x_wconf 80' lang='lat' dir='ltr'><em>de</em></span> <span class='ocrx_word' id='word_1_164' title='bbox 1587 1967 1882 2030; x_wconf 76' lang='lat' dir='ltr'><em>hujusmodi,</em></span> 
     </span>
     <span class='ocr_line' id='line_1_21' title="bbox 133 2047 1882 2111; baseline 0.002 -18"><span class='ocrx_word' id='word_1_165' title='bbox 133 2048 356 2109; x_wconf 86' lang='lat' dir='ltr'><em>possibile</em></span> <span class='ocrx_word' id='word_1_166' title='bbox 394 2055 479 2108; x_wconf 88' lang='lat' dir='ltr'><em>est,</em></span> <span class='ocrx_word' id='word_1_167' title='bbox 523 2047 766 2110; x_wconf 80' lang='lat' dir='ltr'><em>judicium</em></span> <span class='ocrx_word' id='word_1_168' title='bbox 814 2048 1049 2096; x_wconf 87' lang='lat' dir='ltr'><em>Ecclesiae</em></span> <span class='ocrx_word' id='word_1_169' title='bbox 1086 2063 1245 2096; x_wconf 88' lang='lat' dir='ltr'><em>errare</em></span> <span class='ocrx_word' id='word_1_170' title='bbox 1292 2055 1486 2111; x_wconf 85' lang='lat' dir='ltr'><em>propter</em></span> <span class='ocrx_word' id='word_1_171' title='bbox 1533 2049 1681 2111; x_wconf 87' lang='lat' dir='ltr'><em>falsos</em></span> <span class='ocrx_word' id='word_1_172' title='bbox 1729 2058 1882 2098; x_wconf 87' lang='lat' dir='ltr'><em>testes.</em></span> 
     </span>
     <span class='ocr_line' id='line_1_22' title="bbox 141 2131 1885 2191; baseline 0.002 -13"><span class='ocrx_word' id='word_1_173' title='bbox 141 2132 454 2179; x_wconf 78' lang='lat' dir='ltr'><em>Canonizatio</em></span> <span class='ocrx_word' id='word_1_174' title='bbox 489 2147 607 2178; x_wconf 63' lang='lat' dir='ltr'><em>vero&gt;</em></span> <span class='ocrx_word' id='word_1_175' title='bbox 631 2133 912 2179; x_wconf 81' lang='lat' dir='ltr'><em>Sanctorum</em></span> <span class='ocrx_word' id='word_1_176' title='bbox 947 2131 1149 2179; x_wconf 77' lang='lat' dir='ltr'><em>medium</em></span> <span class='ocrx_word' id='word_1_177' title='bbox 1185 2139 1252 2179; x_wconf 87' lang='lat' dir='ltr'><em>est</em></span> <span class='ocrx_word' id='word_1_178' title='bbox 1285 2133 1412 2180; x_wconf 84' lang='lat' dir='ltr'><em>inter</em></span> <span class='ocrx_word' id='word_1_179' title='bbox 1455 2133 1564 2180; x_wconf 77' lang='lat' dir='ltr'><em>haec</em></span> <span class='ocrx_word' id='word_1_180' title='bbox 1611 2132 1718 2180; x_wconf 81' lang='lat' dir='ltr'><em>duo.</em></span> <span class='ocrx_word' id='word_1_181' title='bbox 1758 2134 1885 2191; x_wconf 82' lang='lat' dir='ltr'><em>Quia</em></span> 
     </span>
     <span class='ocr_line' id='line_1_23' title="bbox 139 2212 1885 2278; baseline 0.002 -19"><span class='ocrx_word' id='word_1_182' title='bbox 139 2219 294 2259; x_wconf 86' lang='lat' dir='ltr'><em>tamen</em></span> <span class='ocrx_word' id='word_1_183' title='bbox 331 2212 497 2271; x_wconf 78' lang='lat' dir='ltr'><em>honor,</em></span> <span class='ocrx_word' id='word_1_184' title='bbox 531 2228 661 2275; x_wconf 81' lang='lat' dir='ltr'><em>quem</em></span> <span class='ocrx_word' id='word_1_185' title='bbox 696 2212 886 2260; x_wconf 88' lang='lat' dir='ltr'><em>Sanctis</em></span> <span class='ocrx_word' id='word_1_186' title='bbox 923 2213 1212 2271; x_wconf 77' lang='lat' dir='ltr'><em>exhibemus,</em></span> <span class='ocrx_word' id='word_1_187' title='bbox 1248 2213 1475 2276; x_wconf 83' lang='lat' dir='ltr'><em>quaedam</em></span> <span class='ocrx_word' id='word_1_188' title='bbox 1508 2214 1738 2276; x_wconf 82' lang='lat' dir='ltr'><em>professio</em></span> <span class='ocrx_word' id='word_1_189' title='bbox 1773 2214 1885 2278; x_wconf 83' lang='lat' dir='ltr'><em>fidei</em></span> 
     </span>
     <span class='ocr_line' id='line_1_24' title="bbox 138 2294 1885 2358; baseline 0.001 -18"><span class='ocrx_word' id='word_1_190' title='bbox 138 2301 225 2352; x_wconf 81' lang='lat' dir='ltr'><em>est,</em></span> <span class='ocrx_word' id='word_1_191' title='bbox 262 2308 354 2355; x_wconf 82' lang='lat' dir='ltr'><em>qua</em></span> <span class='ocrx_word' id='word_1_192' title='bbox 389 2294 668 2341; x_wconf 85' lang='lat' dir='ltr'><em>Sanctorum</em></span> <span class='ocrx_word' id='word_1_193' title='bbox 701 2294 905 2355; x_wconf 63' lang='lat' dir='ltr'><em>gloriam</em></span> <span class='ocrx_word' id='word_1_194' title='bbox 941 2294 1193 2355; x_wconf 77' lang='lat' dir='ltr'><em>credimus,</em></span> <span class='ocrx_word' id='word_1_195' title='bbox 1224 2295 1304 2358; x_wconf 80' lang='lat' dir='ltr'><em>pie</em></span> <span class='ocrx_word' id='word_1_196' title='bbox 1341 2295 1616 2343; x_wconf 85' lang='lat' dir='ltr'><em>credendum</em></span> <span class='ocrx_word' id='word_1_197' title='bbox 1652 2303 1738 2355; x_wconf 85' lang='lat' dir='ltr'><em>est,</em></span> <span class='ocrx_word' id='word_1_198' title='bbox 1763 2296 1885 2358; x_wconf 80' lang='lat' dir='ltr'><em>quod</em></span> 
     </span>
     <span class='ocr_line' id='line_1_25' title="bbox 142 2375 1882 2439; baseline 0.002 -18"><span class='ocrx_word' id='word_1_199' title='bbox 142 2390 285 2437; x_wconf 82' lang='lat' dir='ltr'><em>neque</em></span> <span class='ocrx_word' id='word_1_200' title='bbox 336 2375 479 2422; x_wconf 85' lang='lat' dir='ltr'><em>etiam</em></span> <span class='ocrx_word' id='word_1_201' title='bbox 530 2375 582 2422; x_wconf 88' lang='lat' dir='ltr'><em>in</em></span> <span class='ocrx_word' id='word_1_202' title='bbox 631 2375 705 2422; x_wconf 77' lang='lat' dir='ltr'><em>Itis</em></span> <span class='ocrx_word' id='word_1_203' title='bbox 744 2375 988 2438; x_wconf 77' lang='lat' dir='ltr'><em>judicium</em></span> <span class='ocrx_word' id='word_1_204' title='bbox 1036 2377 1272 2424; x_wconf 86' lang='lat' dir='ltr'><em>Ecclesiae</em></span> <span class='ocrx_word' id='word_1_205' title='bbox 1323 2393 1482 2425; x_wconf 81' lang='lat' dir='ltr'><em>errare</em></span> <span class='ocrx_word' id='word_1_206' title='bbox 1527 2378 1692 2439; x_wconf 82' lang='lat' dir='ltr'><em>possit.</em></span> <span class='ocrx_word' id='word_1_207' title='bbox 1731 2379 1789 2423; x_wconf 82' lang='lat' dir='ltr'><em>Et</em></span> <span class='ocrx_word' id='word_1_208' title='bbox 1832 2379 1882 2424; x_wconf 90' lang='lat' dir='ltr'><em>in</em></span> 
     </span>
     <span class='ocr_line' id='line_1_26' title="bbox 138 2458 1882 2521; baseline 0.002 -19"><span class='ocrx_word' id='word_1_209' title='bbox 138 2459 448 2515; x_wconf 80' lang='lat' dir='ltr'><em>responsione</em></span> <span class='ocrx_word' id='word_1_210' title='bbox 485 2458 541 2503; x_wconf 84' lang='lat' dir='ltr'><em>ad</em></span> <span class='ocrx_word' id='word_1_211' title='bbox 577 2459 607 2503; x_wconf 81' lang='lat'>2</span> <span class='ocrx_word' id='word_1_212' title='bbox 653 2459 833 2516; x_wconf 86' lang='lat' dir='ltr'><em>inquit:</em></span> <span class='ocrx_word' id='word_1_213' title='bbox 888 2458 1069 2505; x_wconf 72' lang='lat' dir='ltr'><em>Dic-ina</em></span> <span class='ocrx_word' id='word_1_214' title='bbox 1119 2458 1427 2506; x_wconf 72' lang='lat' dir='ltr'><em>Providentia</em></span> <span class='ocrx_word' id='word_1_215' title='bbox 1473 2466 1744 2521; x_wconf 69' lang='lat' dir='ltr'><em>praeseri-at</em></span> <span class='ocrx_word' id='word_1_216' title='bbox 1789 2458 1882 2506; x_wconf 85' lang='lat' dir='ltr'><em>Ec-</em></span> 
     </span>
     <span class='ocr_line' id='line_1_27' title="bbox 139 2537 1882 2602; baseline 0.002 -19"><span class='ocrx_word' id='word_1_217' title='bbox 139 2537 347 2597; x_wconf 85' lang='lat' dir='ltr'><em>clesiam,</em></span> <span class='ocrx_word' id='word_1_218' title='bbox 383 2553 440 2585; x_wconf 84' lang='lat' dir='ltr'><em>ne</em></span> <span class='ocrx_word' id='word_1_219' title='bbox 473 2538 527 2585; x_wconf 86' lang='lat' dir='ltr'><em>in</em></span> <span class='ocrx_word' id='word_1_220' title='bbox 561 2538 735 2585; x_wconf 84' lang='lat' dir='ltr'><em>talibus</em></span> <span class='ocrx_word' id='word_1_221' title='bbox 764 2555 850 2602; x_wconf 85' lang='lat' dir='ltr'><em>per</em></span> <span class='ocrx_word' id='word_1_222' title='bbox 889 2539 1093 2601; x_wconf 83' lang='lat' dir='ltr'><em>fallibile</em></span> <span class='ocrx_word' id='word_1_223' title='bbox 1136 2541 1455 2588; x_wconf 83' lang='lat' dir='ltr'><em>testimonium</em></span> <span class='ocrx_word' id='word_1_224' title='bbox 1503 2540 1740 2586; x_wconf 74' lang='lat' dir='ltr'><em>hominum</em></span> <span class='ocrx_word' id='word_1_225' title='bbox 1783 2539 1882 2601; x_wconf 83' lang='lat' dir='ltr'><em>fal-</em></span> 
     </span>
     <span class='ocr_line' id='line_1_28' title="bbox 144 2617 287 2666; baseline 0.007 -2"><span class='ocrx_word' id='word_1_226' title='bbox 144 2617 287 2666; x_wconf 85' lang='lat' dir='ltr'><em>latur.</em></span> 
     </span>
    </p>

    <p class='ocr_par' dir='ltr' id='par_1_4' title="bbox 147 2702 1873 2847">
     <span class='ocr_line' id='line_1_29' title="bbox 207 2702 1873 2764; baseline 0.001 -17"><span class='ocrx_word' id='word_1_227' title='bbox 207 2704 271 2748; x_wconf 86' lang='lat' dir='ltr'><em>De</em></span> <span class='ocrx_word' id='word_1_228' title='bbox 307 2710 407 2750; x_wconf 81' lang='lat' dir='ltr'><em>toto</em></span> <span class='ocrx_word' id='word_1_229' title='bbox 443 2703 529 2750; x_wconf 86' lang='lat' dir='ltr'><em>hoe</em></span> <span class='ocrx_word' id='word_1_230' title='bbox 566 2712 844 2764; x_wconf 80' lang='lat' dir='ltr'><em>argumento</em></span> <span class='ocrx_word' id='word_1_231' title='bbox 891 2707 994 2752; x_wconf 84' lang='lat' dir='ltr'><em>vide</em></span> <span class='ocrx_word' id='word_1_232' title='bbox 1044 2706 1350 2752; x_wconf 77' lang='lat' dir='ltr'><em>Benedictum</em></span> <span class='ocrx_word' id='word_1_233' title='bbox 1387 2705 1484 2750; x_wconf 84' lang='lat' dir='ltr'><em>XIV</em></span> <span class='ocrx_word' id='word_1_234' title='bbox 1521 2702 1573 2751; x_wconf 84' lang='lat' dir='ltr'><em>de</em></span> <span class='ocrx_word' id='word_1_235' title='bbox 1624 2704 1873 2751; x_wconf 80' lang='lat' dir='ltr'><em>Servorum</em></span> 
     </span>
     <span class='ocr_line' id='line_1_30' title="bbox 147 2780 1437 2847; baseline 0.002 -21"><span class='ocrx_word' id='word_1_236' title='bbox 147 2780 232 2827; x_wconf 87' lang='lat' dir='ltr'><em>Dei</em></span> <span class='ocrx_word' id='word_1_237' title='bbox 269 2784 645 2847; x_wconf 78' lang='lat' dir='ltr'><em>Beatificatione,</em></span> <span class='ocrx_word' id='word_1_238' title='bbox 684 2793 726 2832; x_wconf 88' lang='lat' dir='ltr'><em>et</em></span> <span class='ocrx_word' id='word_1_239' title='bbox 763 2788 1015 2833; x_wconf 82' lang='lat' dir='ltr'><em>Beatorum</em></span> <span class='ocrx_word' id='word_1_240' title='bbox 1049 2784 1437 2834; x_wconf 72' lang='lat' dir='ltr'><em>Canonizatione.</em></span> 
     </span>
    </p>
   </div>
  </div>
 </body>
</html>
