2114 3289
451 123 498 199 §-
531 144 688 182 van.
722 145 783 180 DE
816 139 1104 182 cANomBn's
1134 132 1517 181 APOSTOLORL'M
1653 130 1762 182 109

121 248 478 326 Apostolorum
521 268 579 304 ac
623 247 678 305 S.
725 246 995 303 Clementis
1026 261 1185 304 aetate
1225 251 1502 305 recentiora
1546 261 1677 306 sunt.
1721 250 1848 305 Ter-

118 347 242 399 tium
288 344 500 415 denique
543 354 588 396 et
619 343 937 416 potissimum
983 355 1331 412 argumentum
1375 356 1467 411 est,
1512 343 1645 416 quod
1689 344 1844 398 habe-

124 450 210 493 ant
250 437 497 509 quaedam
542 448 646 491 tum
689 434 1047 508 Apostolorum
1078 436 1395 509 disciplinae,
1426 449 1529 492 tum
1567 438 1844 493 catholicae

119 534 377 588 doctrinae
421 533 625 587 omnino
670 532 941 586 contraria.
987 529 1123 585 Nam
1170 528 1261 600 (ut
1305 533 1473 605 aliqua
1524 536 1835 600 memorem)

117 626 437 700 Apostolicae
483 625 744 681 doctrinae
793 637 1070 698 repugnant
1122 644 1280 679 canon
1313 629 1405 694 17,
1433 646 1529 698 qno
1574 628 1656 681 ille
1700 627 1844 680 dum-

118 732 261 775 taxat
320 720 552 789 bigamus
615 718 819 788 (licitur,
882 720 967 790 qui
1029 730 1141 792 post
1189 719 1494 793 baptismum
1545 721 1670 775 duas
1721 740 1846 775 uxo-

117 834 196 869 res
242 813 461 883 duxeri13
493 825 539 867 et
569 833 728 868 canon
763 818 855 882 66,
887 815 972 885 qui
1017 815 1252 868 clericum
1302 815 1511 870 sabbato
1540 817 1847 885 jejunantem

121 908 324 983 deponi,
377 909 562 963 laicum
611 927 726 962 vero
772 910 1016 982 praecipit
1058 911 1505 965 excommimicari.
1551 909 1845 965 Doctrinam

118 1022 234 1057 vero
279 1022 307 1057 a
352 1003 558 1057 veritate
603 1003 855 1058 catholica
899 1003 1116 1057 alienam
1159 1002 1363 1057 tradunt
1407 1023 1619 1058 canones
1683 1007 1754 1058 46
1799 1016 1846 1058 et

121 1103 216 1169 47,
277 1102 327 1155 in
388 1100 570 1172 quibus
634 1099 885 1173 baptisma
946 1099 1009 1154 ab
1070 1100 1334 1155 haereticis
1396 1101 1632 1155 collatum
1701 1101 1848 1174 plane

117 1195 361 1265 rejicitur9
406 1195 706 1265 irritumque
750 1193 1054 1263 declaratum
1099 1195 1316 1266 itemque
1369 1213 1526 1248 canon
1594 1199 1684 1263 74,
1746 1215 1845 1268 quo

116 1287 235 1342 libri
280 1286 588 1361 Sapientiae,
635 1286 849 1356 Tobiae,
893 1298 939 1341 et
981 1286 1159 1341 Judith
1219 1308 1248 1342 a
1308 1306 1495 1343 canone
1557 1287 1846 1342 divinarum

121 1380 498 1456 Scripturarum
544 1381 620 1436 vel
664 1392 1035 1454 expunguntur,
1083 1381 1158 1435 vel
1201 1384 1514 1438 omittuntur.

890 1567 934 1643 S.
982 1576 1075 1628 48.

278 1760 351 1806 DE
390 1760 675 1807 CANONUM
709 1761 1138 1806 APOSTOLORUM
1175 1762 1411 1807 ORlGlNE
1450 1763 1694 1807 NUMERO

798 1871 992 1925 ATQUE
1031 1872 1143 1917 USU

202 2045 374 2120 Itaque
433 2067 546 2102 cum
606 2048 898 2118 hujusmodi
961 2067 1174 2103 canones
1236 2048 1522 2121 Apostole'ci
1582 2060 1667 2103 aut
1715 2049 1843 2117 dici,

114 2153 198 2196 aut
240 2142 417 2196 haberi
460 2143 638 2197 saltem
683 2142 870 2212 singuli
915 2162 1012 2198 non
1058 2145 1277 2217 possint,
1322 2143 1421 2199 (luo
1483 2144 1634 2199 modo
1695 2163 1845 2216 quae-

112 2236 269 2290 renda
314 2247 426 2291 sunt
474 2233 556 2291 1.Ο
601 2238 713 2309 quis
757 2256 932 2291 eorum
984 2250 1159 2292 auctor
1216 2240 1466 2307 extiterit3
1532 2236 1614 2293 2⁰
1676 2258 1737 2292 an
1798 2250 1845 2292 et

112 2331 319 2401 quinam
397 2350 458 2385 ex
519 2330 701 2385 iisdem
769 2332 1045 2387 canonibus
1107 2335 1454 2389 auctoritatem
1514 2335 1566 2388 in
1618 2333 1844 2388 Ecclesia

120 2424 442 2480 obtinuerint.
495 2424 609 2479 Jam
654 2445 769 2480 vero
813 2426 948 2498 quod
983 2426 1047 2481 ad
1080 2428 1328 2498 originem
1378 2440 1586 2500 spectat,
1625 2427 1846 2499 Difficile

115 2529 202 2587 est,
247 2520 316 2572 ait
358 2518 432 2573 De
476 2518 652 2574 Marca
697 2519 758 2574 (le
803 2519 1056 2577 Concord.
1102 2520 1310 2578 Sacerd.
1356 2534 1402 2577 et
1446 2521 1582 2595 Imp.
1628 2521 1717 2577 hb.
1764 2520 1842 2575 ΙΙΙ

114 2631 223 2686 cap.
273 2617 325 2682 2„
369 2613 424 2667 in
469 2623 574 2668 lam
630 2614 735 2668 alto
794 2626 1018 2669 veterum
1061 2616 1374 2688 scriptorum
1416 2615 1618 2668 silentio
1648 2625 1844 2687 tempus

113 2704 270 2778 hujus
329 2707 641 2762 collectionis
704 2709 995 2780 indaqarc,
1058 2728 1213 2780 quam
1275 2721 1443 2764 tamen
1504 2720 1692 2763 certum
1774 2722 1845 2764 est

114 2800 330 2854 Consilii
374 2803 594 2857 Nicaeni
638 2813 870 2875 tempora
913 2805 1250 2860 antecessisse.
1300 2803 1500 2858 Eruditi
1531 2806 1846 2860 consentiunt

115 2895 414 2969 disciplinae
459 2900 841 2970 antiquissimae
885 2899 1182 2954 lineamenta
1226 2900 1306 2954 his
1351 2899 1627 2954 canonibus
1688 2903 1843 2956 conti-
