2114 3289
490 122 533 195 §.
579 145 664 180 vn.
714 143 772 178 DE
817 142 1040 178 JURISPR.
1089 141 1467 178 ecetesmsrch
1696 124 1763 173 15

116 272 244 326 quae
289 272 316 307 a
360 250 658 306 Tridentina
704 245 913 317 Synodo
958 257 1097 316 acta,
1143 258 1352 315 statuta,
1396 258 1443 300 et
1486 244 1693 299 definita
1737 243 1847 298 fue-

117 359 248 417 rant,
292 344 641 412 confirmavit,
684 353 731 397 et
774 340 925 396 simul
967 341 1298 411 gravissimas
1350 358 1534 414 poenas
1588 339 1846 394 constituit

113 443 165 497 in
224 460 344 510 eos,
402 439 492 510 qui
543 439 657 493 ausi
708 437 919 509 fuissent
972 434 1103 489 ullos
1146 435 1574 500 commentarios,
1616 433 1843 505 glossas)

111 535 504 600 adnotationeS,
548 532 779 599 scholia,
823 531 1086 602 ullamque
1137 530 1346 584 omnino
1403 527 1844 601 interpretationis

110 647 267 702 qenits
291 646 442 702 super
469 628 633 701 ipsius
668 626 887 682 Concilii
913 625 1129 680 decretis
1154 641 1468 696 quocumque
1495 624 1647 678 modo
1674 622 1842 677 edere.

111 723 304 780 Deinde
348 723 774 790 aniniadvel‘tenS‚
802 733 854 776 ut
896 721 1003 795 ipse
1048 721 1137 789 ait,
1176 737 1369 792 parum
1413 736 1510 773 esse
1548 719 1682 792 jura
1726 735 1841 771 con-

111 818 253 885 dere)
280 818 382 872 nisi
426 817 527 871 sint
570 816 659 887 qni
703 834 763 870 ea
806 814 1101 870 executioni
1144 814 1455 868 demandari
1496 814 1714 886 faciunt,
1742 813 1843 867 alia

110 910 477 968 Constitutione
519 911 654 967 edita
698 910 845 964 Alias
887 909 1195 976 nonnullctS,
1240 921 1351 964 octo
1404 907 1703 964 Cardinales
1755 906 1841 961 de-

110 1006 259 1078 legit.
302 1007 389 1080 qui
433 1005 661 1061 sedulam
706 1017 948 1060 navarent
991 1023 1225 1078 operam,
1267 1015 1320 1057 nt
1363 1000 1581 1059 Concilii
1623 1001 1841 1057 Triden-

116 1101 208 1156 tini
258 1101 457 1157 decreta
501 1101 566 1155 ab
609 1099 872 1168 omnibttS,
918 1098 983 1153 ad
1029 1117 1154 1171 quos
1197 1099 1526 1171 pertinerent,
1570 1096 1843 1151 accuratis-

114 1196 239 1250 sime
290 1206 625 1251 servarentur.
688 1191 820 1248 Hino
865 1205 1029 1248 ortum
1072 1191 1251 1246 habuit
1295 1190 1669 1261 Conqreqatto‚
1713 1209 1840 1263 quae

113 1291 334 1363 primum
380 1288 515 1343 dicta
558 1299 630 1343 est
675 1285 1040 1341 Cardinalinm
1085 1285 1304 1340 Concilii
1350 1284 1670 1353 Tridentini,
1699 1286 1841 1357 eique

114 1381 288 1439 Sixtus
333 1382 396 1439 V.
443 1379 814 1438 Constitutione
858 1385 1119 1435 Immensa
1162 1391 1456 1454 potestatem
1493 1381 1698 1453 insuper
1725 1378 1843 1434 fecit

112 1478 338 1549 ejusdem
391 1475 609 1533 Concilii
659 1479 881 1530 Decreta
923 1475 985 1529 de
1028 1474 1394 1548 reformatione
1438 1472 1840 1548 interpretandi,

112 1575 271 1629 Nobis
312 1584 484 1630 tamen
526 1571 787 1642 consultis,
816 1584 869 1627 ut
911 1570 1150 1628 Pontifex
1193 1570 1384 1626 ibidem
1428 1572 1518 1639 ait,
1547 1572 1616 1625 ita
1650 1570 1842 1625 seilicet

110 1680 163 1724 ut
205 1669 266 1724 de
311 1687 626 1742 quacumque
670 1667 1079 1741 interpretatione
1121 1663 1386 1721 Romanus
1429 1661 1671 1721 Pontifex
1725 1684 1842 1720 con-

111 1764 208 1818 suli
263 1765 467 1819 omnino
520 1761 740 1817 deberet.
802 1759 947 1816 Tunc
991 1762 1160 1833 itaque
1204 1759 1543 1831 Conqreyatio
1588 1760 1843 1816 Cardine-

110 1856 243 1912 lium
298 1857 518 1913 Concilii
569 1855 870 1911 Tridentini
914 1859 1266 1928 Interpretum
1310 1855 1481 1910 vocari
1523 1867 1697 1929 coepta
1740 1867 1840 1925 est,

111 1955 318 2027 ejusque
379 1973 495 2009 vero
546 1952 1019 2026 interpretationeS,
1071 1962 1117 2005 et
1169 1969 1409 2024 responsa
1452 1949 1842 2004 Declarationes

114 2048 448 2122 appellantur.

192 2141 498 2199 Canonistae
540 2143 799 2217 disputant
841 2160 1088 2216 quaenam
1132 2140 1426 2212 hujusmodi
1469 2140 1838 2196 Declarationi-

111 2238 204 2294 bus
251 2242 324 2295 vis
369 2250 416 2293 et
458 2240 729 2293 auotoritas
773 2237 1043 2292 tribuenda
1087 2232 1192 2292 sit?
1237 2234 1355 2302 Qua
1399 2235 1459 2290 de
1498 2236 1628 2290 rein
1654 2235 1835 2309 primis

112 2333 385 2388 videndum
429 2344 520 2402 est,
550 2344 715 2387 utrum
758 2330 1047 2387 Declaratio
1092 2330 1157 2386 ad
1192 2333 1442 2405 privatam
1471 2332 1838 2403 quaestionem9

108 2429 212 2484 sive
256 2429 394 2483 litem
438 2427 809 2497 dirimendam,
854 2446 917 2482 an
962 2445 1080 2481 vero
1125 2425 1189 2481 ad
1233 2425 1440 2480 dubiam
1484 2425 1643 2495 legem
1688 2442 1836 2493 gene-

112 2524 260 2578 ratim
304 2521 734 2596 interpretandam
777 2522 912 2577 edita
956 2521 1123 2577 fuerit.
1169 2518 1405 2593 Namque
1448 2517 1746 2575 Cardinales
1786 2520 1837 2572 in

110 2636 166 2671 ea
230 2615 632 2688 Congregatione
694 2617 770 2671 vel
831 2618 1144 2691 privatorum
1206 2634 1382 2670 causas
1441 2614 1705 2684 judicant,
1759 2613 1835 2667 vel

108 2709 239 2780 leges
282 2713 561 2783 generatim
604 2712 1010 2785 interpretantur.

190 2803 304 2860 Ja'm
367 2826 482 2862 vero
543 2805 957 2877 Declarationes,
1013 2805 1195 2879 quibus
1240 2807 1550 2879 privatorum
1593 2802 1741 2871 lites,
1787 2814 1833 2856 et

110 2902 479 2957 controversiae
522 2901 847 2971 dirimtmtm·9
892 2920 1200 2974 quamquam
1246 2900 1309 2955 ol)
1353 2898 1660 2969 singularem
1708 2895 1832 2953 Car-
