2114 3289
337 126 380 201 §.
415 150 580 186 xxvn.
613 149 671 184 DE
698 150 819 184 ioue
849 150 1236 186 EPISCOPATUUM
1265 149 1627 186 ERIGENDORUM
1692 135 1756 185 91

203 250 284 307 Ab
327 251 643 307 incunabulis
687 250 942 307 Ecclesiae
986 252 1050 307 ad
1096 253 1348 308 saeculum
1392 251 1438 307 V
1443 250 1483 308 I.
1529 252 1648 306 novi
1685 253 1846 323 eriqe-

122 345 309 399 bantur
351 345 684 417 Episcopatus
710 364 742 400 a
766 346 990 417 Synodis
1032 346 1469 413 Provincictlibus,
1512 347 1850 400 consentiente

121 439 544 511 Metropolitano,
564 440 854 511 postulante
898 441 1150 513 Episcopo
1190 441 1269 495 vel
1296 451 1576 508 annuente,
1603 441 1673 495 ad
1699 439 1852 513 cujus

125 533 414 588 Dioecesim
448 534 738 606 pertinebat
780 535 1049 603 Ecclesia,
1092 535 1151 589 in
1192 553 1294 606 qua
1335 536 1490 591 Sedes
1532 534 1853 608 Episcopalis

126 626 486 684 collocabatur.
548 630 616 683 Icl
676 647 744 683 eoo
786 647 978 683 canone
1027 631 1117 685 15.
1174 629 1394 684 Concilii
1438 630 1678 702 Africani
1719 647 1854 683 com-

116 732 325 794 pertum
386 733 496 793 est,-
541 734 586 777 et
630 742 697 778 eoe
744 724 878 795 facto
921 727 975 780 S.
1031 724 1349 794 Augustini,
1410 724 1499 795 qui
1561 722 1855 778 Fussalensi

125 815 338 870 Castello
390 817 617 872 millibus
667 818 1016 890 quadraginta
1065 818 1127 872 ab
1169 819 1411 891 Hippone
1454 818 1685 892 sejuncto
1728 817 1856 890 Epi-

126 929 331 985 scopum
374 915 616 969 ordinari
659 916 859 970 curavit
903 934 936 970 a
979 916 1213 970 Primate
1256 916 1574 982 Numidiae,
1620 918 1856 970 Romano

122 1008 370 1082 Pontifice
414 1009 722 1076 inconsulto,
761 1020 818 1064 ut
861 1020 1053 1064 constat
1097 1029 1165 1064 eoo
1206 1010 1367 1082 ipsius
1410 1010 1688 1081 Augustini
1730 1008 1856 1082 Epi-

124 1102 253 1157 stola
308 1105 438 1160 ⁶261.
494 1103 570 1159 Ita
611 1102 816 1161 Natalis
861 1102 1152 1161 Alexander
1193 1106 1436 1161 historiae
1479 1105 1849 1160 ecclesiasticae

126 1215 256 1252 saec.
300 1196 366 1254 V.
413 1218 523 1272 cap.
571 1202 623 1254 6.
670 1210 765 1254 art.
814 1203 867 1254 ⁵2.

205 1288 334 1347 Cum
392 1312 508 1348 vero
569 1294 621 1347 in
682 1292 913 1348 scholion
978 1294 1029 1349 1.
1091 1292 1316 1363 ejusdem
1371 1291 1571 1346 articuli
1624 1291 1854 1362 religiosi

128 1382 372 1442 Censores
434 1397 688 1441 notassent
742 1387 865 1440 haec
913 1386 1063 1441 verba
1107 1388 1344 1439 Romano
1387 1385 1636 1458 Pontifice
1681 1385 1857 1439 incon-

125 1479 255 1532 sulto
299 1479 627 1551 eriqebantur
669 1480 1024 1553 Episcopatus,
1052 1480 1331 1554 respondit,
1359 1479 1490 1533 lianc
1525 1479 1858 1552 disciplinam

127 1573 306 1643 quinto
334 1574 533 1629 saeculo
552 1574 778 1651 ‘niquisse
814 1574 1062 1647 probavi:
1109 1576 1260 1630 citato
1305 1593 1482 1648 nempe
1509 1593 1699 1630 canone
1725 1572 1859 1629 Con-

129 1668 234 1722 cilii
277 1666 530 1738 Africani,
557 1681 661 1723 tum
704 1668 837 1725 facto
864 1667 918 1725 S.
949 1667 1240 1739 Augustini,
1269 1668 1485 1741 aliisque
1528 1668 1593 1722 ab
1635 1668 1853 1723 historia

129 1760 486 1818 Ecclesiastiea
531 1763 694 1818 ductis
740 1764 1067 1834 argumentis
1113 1760 1285 1829 Quam
1328 1762 1533 1835 quidem
1571 1773 1858 1818 controver-

129 1858 260 1912 siam
311 1855 671 1913 Constantinus
722 1857 1006 1928 Roneaglia
1056 1859 1108 1913 in
1152 1859 1255 1913 suis
1299 1859 1430 1913 notis
1476 1857 1541 1912 ad
1584 1858 1855 1912 historiam

128 1951 538 2007 Ecclesiasticam
581 1952 806 2024 ejusdem
848 1951 1051 2008 Natalis
1095 1950 1376 2007 Alexandri
1421 1971 1534 2007 eum
1582 1953 1856 2026 praeterire

128 2047 316 2116 nollet,
377 2067 464 2102 nec
526 2048 677 2104 etiam
737 2047 973 2116 deberet,
1035 2066 1134 2102 non
1178 2047 1431 2102 immerito
1475 2046 1738 2120 amplexus
1782 2056 1856 2101 est

129 2139 192 2197 P.
236 2140 566 2197 Thomassini
608 2143 932 2211 sententiam,
976 2161 1129 2215 quam
1172 2142 1420 2216 expressit
1462 2141 1602 2196 hisce
1647 2140 1854 2196 verbis:

134 2236 372 2291 Maxime
414 2247 532 2290 ante
574 2247 778 2290 secctum
820 2236 1080 2290 saeculum
1122 2254 1226 2290 non
1251 2253 1448 2308 semper
1471 2234 1729 2289 accessisse
1755 2236 1860 2288 Ro-

129 2330 274 2384 mani
332 2331 598 2405 Pontificis
658 2348 955 2404 eoepressum
1005 2349 1300 2385 consensum
1341 2331 1399 2385 in
1440 2348 1690 2385 novorum
1731 2328 1860 2401 Epi-

131 2435 428 2497 scopatuum
488 2426 761 2493 erectione,
806 2425 1175 2481 animadvertit
1229 2425 1593 2480 Thomassinus
1635 2424 1697 2477 de
1740 2440 1856 2479 nov.

132 2530 177 2573 et
217 2531 313 2577 vet.
359 2520 548 2577 EccleS.
593 2520 797 2594 discipl.
835 2531 976 2594 part.
1026 2522 1051 2574 1
1103 2521 1192 2578 lib.
1221 2525 1270 2578 Ι.
1316 2539 1426 2593 cap.
1475 2522 1566 2575 54.
1611 2517 1858 2572 Liberum

129 2613 484 2687 inteqrumque
528 2615 672 2669 dixit
729 2616 884 2688 fuisse
947 2616 1190 2671 Conciliis
1239 2614 1600 2680 GeneralibuS,
1645 2631 1704 2666 ao
1747 2614 1858 2669 Me-

131 2709 385 2780 tropolitis
427 2728 578 2764 novos
623 2712 816 2783 eriqere
861 2711 1219 2784 EpiscopatuS,
1264 2708 1544 2765 dummodo
1586 2724 1712 2779 quas
1755 2725 1856 2780 pro

133 2801 225 2855 hac
284 2822 339 2858 re
398 2806 629 2861 Ecclesia
672 2807 802 2879 leqes
860 2807 1177 2874 instituerat,
1222 2813 1567 2860 servarentur.
1614 2805 1741 2857 Cum
1797 2802 1857 2856 in

132 2896 197 2951 iis
239 2900 502 2955 servandis
544 2901 713 2958 minus
754 2902 986 2974 religiosi
1026 2902 1238 2973 fuissent
1280 2898 1543 2957 Antistites
1585 2897 1853 2970 Africani,
