2114 3289
656 119 701 194 3.
747 141 881 180 Lvm.
928 142 988 178 DE
1033 142 1309 180 Eznc'rtouss
1645 124 1751 175 217

125 250 409 323 ademptam
452 264 550 303 non
592 245 770 315 fuisse,
814 246 850 300 ii
894 263 1091 319 quoque
1134 255 1360 314 censent,
1402 240 1585 299 Joanni
1629 240 1706 313 V,
1752 244 1838 316 qui

123 362 254 398 anno
301 346 411 396 685
455 342 646 414 primus
689 351 801 414 post
844 338 1003 410 legem
1046 336 1296 409 Pogonati
1356 336 1538 393 electus
1598 333 1836 392 Pontifex

124 438 306 505 extitit,
333 436 556 491 omnium
599 433 774 488 itidem
817 435 980 507 primo
1024 433 1315 502 contigisse,
1341 444 1392 486 ut
1434 450 1521 488 nec
1558 441 1837 505 expectata,

122 550 210 585 nec
270 531 422 603 petita
477 527 802 602 Imperatoris
847 526 1226 582 confirmatione
1268 524 1627 581 Pontificatum
1671 525 1837 579 iniret.

122 623 228 692 Qui
272 642 387 679 vero
431 622 492 677 de
531 619 837 695 Imperatore
864 618 1147 675 Justiniano
1175 617 1225 673 ΙΙ
1252 637 1350 674 nou
1376 619 1500 674 bene
1525 620 1836 686 existimant,

122 719 159 773 ii
204 719 406 772 omnino
452 715 753 770 contendunt
796 711 1100 768 Zachariam
1144 712 1296 769 fuisse
1340 715 1579 787 primum,
1606 714 1692 785 qui
1735 713 1840 768 sine

122 811 222 867 ulla
283 809 648 884 Imperatorum
709 808 1089 863 confirmatione
1132 808 1282 863 totius
1326 805 1582 862 Ecclesiae
1625 806 1841 861 admini-

121 909 414 963 strationem
457 906 690 979 suscepit.
737 903 796 958 Id
841 923 956 959 vero
1000 903 1132 977 apud
1178 922 1347 959 omnes
1391 915 1578 958 certum
1613 914 1704 971 est,
1735 913 1837 956 tum

124 999 463 1068 Zachariam,
508 1010 611 1053 tum
655 998 874 1071 reliquos
919 1017 980 1052 ex
1022 1017 1078 1053 eo
1123 1010 1344 1071 tempore
1398 995 1669 1052 Pontifices
1730 1015 1836 1051 sese

122 1098 186 1152 ab
228 1098 415 1166 injusta
459 1094 761 1151 obtinendae
804 1094 1199 1149 confirmationis
1251 1095 1485 1148 servitute
1539 1092 1838 1148 vindicasse.

202 1190 311 1245 Hoc
371 1190 481 1245 loco
524 1188 650 1244 illud
694 1207 846 1242 unum
890 1206 1185 1256 monemus,
1230 1205 1425 1242 omnem
1468 1186 1619 1241 fidem
1660 1187 1837 1242 merito

117 1285 360 1355 denegari
422 1283 616 1338 duobus
677 1282 992 1350 canonibuS‚
1035 1283 1121 1354 qui
1165 1294 1278 1336 sunt
1320 1281 1453 1353 apud
1498 1278 1835 1349 Gratianum,

121 1380 359 1433 nimirum
420 1379 600 1432 canoni
660 1375 967 1429 Hadrianus
1022 1378 1094 1428 22
1138 1375 1254 1430 dist.
1303 1379 1411 1443 63,
1455 1376 1542 1446 qui
1585 1373 1837 1447 profertur

117 1473 197 1527 his
243 1471 435 1526 verbis:
481 1469 789 1523 Hadrianus
832 1479 1000 1523 autem
1046 1471 1195 1540 Papa
1226 1486 1341 1521 cum
1367 1467 1607 1522 universa
1633 1467 1841 1538 Synoclo

117 1565 448 1619 tradiderunt
508 1562 690 1619 Carolo
743 1559 1002 1633 (Magno)
1056 1562 1148 1636 jus
1192 1573 1236 1616 et
1272 1572 1569 1634 potestatem
1612 1561 1838 1633 eliqencli

117 1659 456 1732 Pontificem,
502 1669 547 1712 et
590 1658 876 1712 ordinandi
938 1657 1279 1729 Apostolicam
1340 1656 1562 1712 Sedem:
1622 1657 1840 1728 itemque

117 1755 295 1808 canoni
358 1757 426 1807 In
485 1752 692 1824 Synoclo
738 1754 807 1805 23
853 1751 1027 1805 eadem
1072 1751 1188 1806 dist.
1237 1755 1346 1819 63,
1390 1753 1441 1805 in
1485 1769 1582 1822 quo
1626 1749 1840 1824 pseudo-

118 1847 344 1921 pontifex
403 1844 504 1902 Leo
564 1843 691 1900 VIII
737 1845 799 1900 ad
845 1845 1128 1918 exemplum
1173 1843 1233 1901 B.
1279 1844 1530 1899 Hadriani
1575 1842 1769 1900 Othoni
1812 1842 1835 1897 Ι

118 1941 414 2015 Imperatori
459 1952 750 2013 potestatem
795 1940 1099 1995 concessisse
1143 1939 1327 1994 dicitur
1369 1937 1656 1994 Romanum
1700 1936 1835 1993 Pon-

119 2036 303 2090 tificem
355 2034 590 2106 eligendi.
644 2031 924 2106 Utrumque
966 2032 1260 2103 hujusmodi
1303 2051 1542 2088 canonem
1586 2051 1837 2087 commen-

122 2132 284 2184 titium
337 2149 442 2184 esse
487 2128 830 2183 demonstrant
874 2126 1123 2183 Baronius
1168 2126 1233 2181 ad
1277 2146 1461 2182 annum
1511 2130 1622 2181 774
1667 2122 1834 2199 3.10

119 2236 165 2279 et
226 2224 290 2279 ad
352 2242 535 2278 annum
591 2226 703 2277 964
751 2217 796 2293 3.
846 2225 956 2291 22,
999 2221 1177 2277 Petrus
1221 2221 1294 2276 De
1337 2219 1512 2276 Marca
1557 2221 1647 2277 lib.
1697 2225 1727 2275 8
1774 2221 1836 2275 de

116 2317 403 2374 Concordia
447 2337 557 2391 cap.
606 2319 678 2369 12
705 2311 749 2388 3.
781 2321 835 2385 9,
860 2329 907 2371 et
950 2314 1223 2371 Sandinius
1267 2317 1318 2370 in
1362 2315 1713 2370 dissertatione
1762 2317 1832 2368 19

118 2414 178 2467 cle
220 2413 351 2485 falsa
393 2412 600 2483 Synodo
642 2411 729 2465 sub
772 2411 1052 2465 Hadriano
1096 2414 1131 2464 Ι
1168 2410 1305 2464 circa
1342 2409 1433 2484 jus
1477 2410 1700 2480 eliqemli
1738 2412 1840 2462 Ro-

115 2525 325 2561 manum.
367 2506 698 2579 Pontificem.
745 2517 788 2559 et
830 2504 1156 2559 investituras
1199 2504 1508 2558 concedendi
1552 2503 1832 2576 Episcopi&

199 2600 281 2657 4.⁰
330 2606 373 2655 Α
418 2601 632 2655 Nicolao
677 2604 758 2656 ΙΙ.
806 2602 898 2656 hoc
943 2612 1034 2668 est,
1078 2600 1142 2654 ab
1186 2618 1314 2655 anuo
1363 2601 1511 2652 1058
1560 2598 1623 2652 ad
1667 2611 1835 2653 nostra

115 2708 353 2769 tempora.
417 2694 662 2751 Nicolaus
710 2694 758 2748 ΙΙ
802 2696 851 2749 in
895 2694 1127 2750 Romano
1178 2705 1420 2749 conventu
1472 2691 1833 2747 Cat-(linalihus

119 2789 382 2863 Episcopis
410 2789 797 2861 principaliter,
825 2801 876 2843 ut
917 2791 987 2844 ait
1030 2787 1083 2845 S.
1131 2787 1306 2842 Petrus
1352 2786 1587 2841 Damiani
1631 2786 1694 2840 ad
1740 2784 1836 2841 Ca-

117 2884 318 2941 (lolaum
365 2884 687 2942 Parmensem
732 2885 1037 2959 Episcopum
1082 2885 1169 2940 lib.
1221 2886 1242 2936 1
1294 2885 1437 2956 epist.
1487 2885 1580 2950 20,
1614 2893 1840 2954 potesta-
