2114 3289
633 76 676 151 δ’.
726 100 788 136 ιι.
836 100 895 135 DE
938 100 1060 135 June
1104 97 1312 135 Jussssum
1633 79 1744 133 189

104 206 302 261 fidelem
342 202 582 279 populum
625 204 836 258 monuit:
880 201 1089 258 Obcdice
1144 197 1462 272 Praepositis
1520 199 1717 267 vestriS,
1779 207 1826 252 et

103 299 358 372 subjacete
403 297 498 366 eisj
541 296 641 369 ipsi
686 296 822 350 enim
856 295 1175 369 perviyz'lcmt
1217 293 1364 365 quusi
1423 291 1678 347 racionem
1731 309 1831 363 pro

102 393 371 447 animabus
426 391 603 445 vestris
661 390 960 446 reddituri.
1024 388 1294 450 Innumera
1355 399 1468 443 sunt
1536 398 1826 442 sanctorum

105 484 316 541 Patrum
376 485 524 555 loca,
588 504 715 558 quae
775 486 906 539 hanc
965 480 1175 554 jubendi
1234 481 1545 557 parendique
1604 480 1831 535 divinam

104 580 265 650 legem
326 580 640 652 apertissime
700 577 1019 645 confirmant,
1081 595 1208 649 quae
1268 577 1436 630 omnia
1496 576 1549 629 in
1608 572 1832 628 medium

106 673 332 748 proferre
375 685 422 728 et
463 674 670 744 longum
714 684 841 728 esset
884 673 1057 740 nimiS,
1101 682 1148 726 et
1190 688 1289 726 non
1332 670 1690 725 necessarium.

185 765 252 821 At
295 787 410 822 vero
472 767 751 841 Episcopus
815 765 890 821 vel
942 766 995 820 in
1055 762 1265 834 Synodo
1324 762 1635 818 Dioecesana
1698 761 1834 832 leges

106 861 264 931 jubet,
310 862 384 916 vel
427 873 568 916 extra
613 859 894 931 Synodum.
938 857 1089 934 Apud
1139 855 1441 914 Canonistas
1503 868 1693 912 certum
1736 867 1829 924 est,

103 955 237 1025 leges
280 956 331 1009 in
376 954 583 1025 Synodo
625 955 754 1009 latas
797 966 1060 1028 perpetuas
1103 971 1230 1021 esse,
1290 970 1403 1007 cum
1456 952 1556 1006 sint
1631 951 1834 1021 regulae

107 1048 316 1104 stabiles
360 1050 706 1104 communitati
749 1049 1054 1122 propositae,
1115 1047 1330 1119 ideoque
1390 1046 1441 1099 in
1502 1063 1592 1100 suo
1654 1044 1835 1101 robore

107 1162 419 1218 permanere,
463 1145 659 1199 etiamsi
703 1142 984 1217 Episcopus
1028 1160 1316 1216 supremum
1378 1141 1512 1195 diem
1573 1140 1831 1209 clauserit,

94 1248 371 1309 perpetuas
413 1240 646 1311 inquam,
707 1255 805 1293 non
847 1235 1215 1304 imrnutczbile53
1260 1254 1475 1307 namque
1519 1234 1583 1289 ab
1619 1235 1835 1307 ipsomet

105 1331 411 1402 legislatore,
457 1332 531 1387 vel
575 1332 639 1386 ab
681 1332 788 1402 ejus
832 1349 1116 1386 successore
1160 1329 1317 1383 deleri
1359 1339 1588 1402 possunt,
1625 1327 1702 1381 vel
1737 1327 1832 1381 im-

106 1427 309 1482 mutari.
353 1423 693 1480 Veruntamen
736 1426 787 1479 in
814 1424 1154 1498 disputatione
1195 1424 1416 1497 positum
1459 1433 1552 1491 est,
1597 1441 1660 1476 an
1696 1421 1832 1492 leges

106 1519 171 1574 ab
212 1517 464 1593 Episcopo
507 1530 649 1574 extra
692 1516 957 1588 Synodnm
999 1518 1151 1587 latae,
1179 1529 1225 1572 et
1251 1536 1340 1591 per
1364 1515 1581 1590 simplex
1612 1515 1834 1570 edictum

104 1616 473 1689 promulgatae,
516 1626 629 1690 post
655 1626 887 1684 mortem,
915 1626 1000 1668 aut
1025 1614 1474 1681 renunciationem,
1502 1624 1586 1666 aut
1619 1612 1836 1667 transla-

110 1711 294 1765 tionem
337 1711 496 1783 ipsius
540 1708 780 1784 Episcopi
824 1707 990 1763 adhuc
1035 1709 1252 1778 vigeant.
1306 1704 1628 1761 Assentimur
1670 1718 1836 1761 autem

106 1803 170 1858 iis
214 1805 300 1877 qui
345 1816 608 1878 perpetuas
651 1822 759 1858 esse
803 1802 1072 1871 affirmant,
1117 1813 1222 1856 tum
1265 1801 1384 1874 quia
1427 1819 1485 1854 ea
1528 1811 1602 1854 est
1653 1811 1833 1855 natura

107 1898 234 1968 legis
279 1910 331 1952 ut
374 1899 439 1954 sit
479 1910 736 1972 perpetua,
781 1908 885 1951 tum
929 1897 1048 1968 quia
1090 1895 1223 1967 leges
1268 1896 1332 1950 ab
1384 1893 1651 1968 Episcopis
1704 1893 1836 1949 latae

109 1993 213 2047 sive
256 1993 308 2047 in
351 1990 581 2063 SynodO,
625 1994 730 2047 sive
773 2003 916 2047 extra
960 1989 1244 2060 Synodum,
1273 1991 1375 2044 vim
1402 2007 1602 2045 omnem
1646 1988 1711 2043 ab
1753 2007 1837 2044 eo-

111 2086 225 2142 dem
268 2086 520 2162 Episcopo
564 2088 834 2161 accipiunt.

187 2178 253 2235 At
312 2200 428 2237 vero
498 2179 778 2254 Episcopus
839 2180 972 2252 leges
1033 2180 1248 2236 condere
1323 2190 1514 2253 potest,
1576 2198 1701 2252 quas
1762 2179 1828 2233 ad

111 2276 232 2330 vitia
277 2274 572 2344 coercenda,
601 2276 835 2329 virtutem
877 2273 1296 2348 promovendam,
1324 2273 1627 2348 depravatos
1661 2272 1837 2347 populi

110 2389 273 2426 mores
317 2367 687 2439 reformandos,
730 2381 776 2424 et
801 2370 1195 2425 ecclesiasticam
1222 2368 1548 2442 disciplinam
1578 2380 1662 2422 aut
1689 2368 1834 2423 resti-

116 2462 351 2518 tuendam
396 2475 479 2517 aut
520 2462 790 2518 fovendam
834 2465 1142 2519 necessarias
1179 2474 1226 2518 et
1251 2462 1396 2517 utiles
1424 2461 1717 2518 arbitratur.
1747 2459 1833 2517 Sic

116 2559 265 2613 etiam
307 2556 505 2628 legibus
548 2557 664 2613 latis
708 2559 936 2628 corrigit,
979 2569 1025 2612 et
1067 2557 1318 2625 emendat,
1362 2557 1403 2610 si
1449 2574 1548 2629 qua
1592 2555 1691 2611 sibi
1728 2575 1838 2611 cor-

116 2651 344 2721 rigenda,
371 2650 783 2724 emendandaque
809 2671 915 2707 esse
944 2652 1226 2707 videantur.
1264 2649 1503 2704 Publicas
1538 2660 1584 2704 et
1610 2651 1833 2722 privatas

116 2763 286 2819 preces
328 2764 419 2817 pro
464 2745 720 2801 Ecclesiae
762 2748 1073 2815 necessitate,
1118 2746 1331 2817 aliisque
1372 2744 1521 2814 justis
1565 2743 1626 2797 de
1669 2745 1835 2798 causis

119 2837 317 2907 indicit,
361 2850 406 2892 et
447 2842 724 2908 generatim
768 2852 929 2913 potest
970 2839 1252 2913 Episcopus
1279 2857 1336 2893 ea
1372 2838 1565 2907 jubere,
1592 2856 1719 2909 quae
1744 2831 1836 2911 pro
