<?xml version="1.0" encoding="UTF-8"?>
<!DOCTYPE html PUBLIC "-//W3C//DTD XHTML 1.0 Transitional//EN"
    "http://www.w3.org/TR/xhtml1/DTD/xhtml1-transitional.dtd">
<html xmlns="http://www.w3.org/1999/xhtml" xml:lang="en" lang="en">
 <head>
  <title>
</title>
<meta http-equiv="Content-Type" content="text/html;charset=utf-8" />
  <meta name='ocr-system' content='tesseract 3.04.00' />
  <meta name='ocr-capabilities' content='ocr_page ocr_carea ocr_par ocr_line ocrx_word'/>
</head>
<body>
  <div class='ocr_page' id='page_1' title='image "./joanniscardinali00sogl_0290.png"; bbox 0 0 2114 3289; ppageno 0'>
   <div class='ocr_carea' id='block_1_1' title="bbox 344 129 1832 186">
    <p class='ocr_par' dir='ltr' id='par_1_1' title="bbox 344 129 1832 186">
     <span class='ocr_line' id='line_1_1' title="bbox 344 129 1832 186; baseline 0 -7"><span class='ocrx_word' id='word_1_1' title='bbox 344 129 453 180; x_wconf 77' lang='lat'>116</span> <span class='ocrx_word' id='word_1_2' title='bbox 500 147 594 181; x_wconf 84' lang='lat' dir='ltr'><strong>LIB.</strong></span> <span class='ocrx_word' id='word_1_3' title='bbox 622 146 674 181; x_wconf 86' lang='grc' dir='ltr'>Π.</span> <span class='ocrx_word' id='word_1_4' title='bbox 706 146 751 181; x_wconf 83' lang='lat' dir='ltr'>G.</span> <span class='ocrx_word' id='word_1_5' title='bbox 775 145 807 179; x_wconf 84' lang='lat' dir='ltr'>l.</span> <span class='ocrx_word' id='word_1_6' title='bbox 839 144 898 178; x_wconf 88' lang='lat' dir='ltr'>DE</span> <span class='ocrx_word' id='word_1_7' title='bbox 926 144 974 178; x_wconf 81' lang='lat' dir='ltr'>R.</span> <span class='ocrx_word' id='word_1_8' title='bbox 1002 143 1266 179; x_wconf 85' lang='lat' dir='ltr'>PONTIFICE</span> <span class='ocrx_word' id='word_1_9' title='bbox 1295 142 1463 186; x_wconf 76' lang='lat' dir='ltr'>EJUSQ.</span> <span class='ocrx_word' id='word_1_10' title='bbox 1493 143 1832 179; x_wconf 72' lang='lat' dir='ltr'><strong>ADJUTORIBUS</strong></span> 
     </span>
    </p>
   </div>
   <div class='ocr_carea' id='block_1_2' title="bbox 251 247 1990 2973">
    <p class='ocr_par' dir='ltr' id='par_1_2' title="bbox 252 247 1986 1267">
     <span class='ocr_line' id='line_1_2' title="bbox 254 247 1982 325; baseline -0.002 -19"><span class='ocrx_word' id='word_1_11' title='bbox 254 254 536 307; x_wconf 71' lang='lat' dir='ltr'>manicatos</span> <span class='ocrx_word' id='word_1_12' title='bbox 581 248 837 317; x_wconf 75' lang='lat' dir='ltr'>vitctncIOS,</span> <span class='ocrx_word' id='word_1_13' title='bbox 881 259 938 322; x_wconf 61' lang='lat' dir='ltr'>etv</span> <span class='ocrx_word' id='word_1_14' title='bbox 969 266 1069 303; x_wconf 92' lang='lat' dir='ltr'>non</span> <span class='ocrx_word' id='word_1_15' title='bbox 1122 248 1376 305; x_wconf 75' lang='lat' dir='ltr'>vitandos.</span> <span class='ocrx_word' id='word_1_16' title='bbox 1427 247 1590 320; x_wconf 78' lang='lat' dir='ltr'>Igitur</span> <span class='ocrx_word' id='word_1_17' title='bbox 1631 268 1743 304; x_wconf 93' lang='lat' dir='ltr'>cum</span> <span class='ocrx_word' id='word_1_18' title='bbox 1787 249 1850 325; x_wconf 83' lang='lat' dir='ltr'>iis</span> <span class='ocrx_word' id='word_1_19' title='bbox 1894 268 1982 303; x_wconf 79' lang='lat' dir='ltr'>ex-</span> 
     </span>
     <span class='ocr_line' id='line_1_3' title="bbox 255 342 1983 416; baseline -0.003 -14"><span class='ocrx_word' id='word_1_20' title='bbox 255 346 661 412; x_wconf 87' lang='lat' dir='ltr'>communicatis,</span> <span class='ocrx_word' id='word_1_21' title='bbox 708 343 795 415; x_wconf 89' lang='lat' dir='ltr'>qui</span> <span class='ocrx_word' id='word_1_22' title='bbox 839 362 927 416; x_wconf 91' lang='lat' dir='ltr'>per</span> <span class='ocrx_word' id='word_1_23' title='bbox 985 342 1173 413; x_wconf 87' lang='lat' dir='ltr'>judicis</span> <span class='ocrx_word' id='word_1_24' title='bbox 1235 345 1532 399; x_wconf 82' lang='lat' dir='ltr'><strong>sententiam</strong></span> <span class='ocrx_word' id='word_1_25' title='bbox 1593 344 1893 399; x_wconf 88' lang='lat' dir='ltr'>nominatim</span> <span class='ocrx_word' id='word_1_26' title='bbox 1935 354 1983 397; x_wconf 90' lang='lat' dir='ltr'>et</span> 
     </span>
     <span class='ocr_line' id='line_1_4' title="bbox 252 435 1982 515; baseline -0.002 -20"><span class='ocrx_word' id='word_1_27' title='bbox 252 441 452 515; x_wconf 87' lang='lat' dir='ltr'>publice</span> <span class='ocrx_word' id='word_1_28' title='bbox 496 438 783 492; x_wconf 86' lang='lat' dir='ltr'>denunciati</span> <span class='ocrx_word' id='word_1_29' title='bbox 826 435 1044 506; x_wconf 87' lang='lat' dir='ltr'>fuerunt,</span> <span class='ocrx_word' id='word_1_30' title='bbox 1106 457 1262 510; x_wconf 89' lang='lat' dir='ltr'>aeque</span> <span class='ocrx_word' id='word_1_31' title='bbox 1322 457 1380 492; x_wconf 87' lang='lat' dir='ltr'>ac</span> <span class='ocrx_word' id='word_1_32' title='bbox 1441 456 1554 493; x_wconf 92' lang='lat' dir='ltr'>cum</span> <span class='ocrx_word' id='word_1_33' title='bbox 1605 438 1823 512; x_wconf 86' lang='lat' dir='ltr'>publicis</span> <span class='ocrx_word' id='word_1_34' title='bbox 1867 435 1982 492; x_wconf 88' lang='lat' dir='ltr'>Cle-</span> 
     </span>
     <span class='ocr_line' id='line_1_5' title="bbox 252 531 1981 605; baseline -0.002 -15"><span class='ocrx_word' id='word_1_35' title='bbox 252 536 472 590; x_wconf 88' lang='lat' dir='ltr'>ricorum</span> <span class='ocrx_word' id='word_1_36' title='bbox 516 531 899 605; x_wconf 79' lang='lat' dir='ltr'>percussoribus</span> <span class='ocrx_word' id='word_1_37' title='bbox 943 532 1152 586; x_wconf 90' lang='lat' dir='ltr'>minime</span> <span class='ocrx_word' id='word_1_38' title='bbox 1195 532 1310 587; x_wconf 91' lang='lat' dir='ltr'>licet</span> <span class='ocrx_word' id='word_1_39' title='bbox 1352 532 1507 586; x_wconf 88' lang='lat' dir='ltr'>ullam</span> <span class='ocrx_word' id='word_1_40' title='bbox 1552 534 1656 587; x_wconf 84' lang='lat' dir='ltr'>sive</span> <span class='ocrx_word' id='word_1_41' title='bbox 1699 533 1750 586; x_wconf 92' lang='lat' dir='ltr'>in</span> <span class='ocrx_word' id='word_1_42' title='bbox 1796 533 1981 598; x_wconf 73' lang='lat' dir='ltr'>sacriS,</span> 
     </span>
     <span class='ocr_line' id='line_1_6' title="bbox 253 625 1983 700; baseline -0.002 -16"><span class='ocrx_word' id='word_1_43' title='bbox 253 631 358 684; x_wconf 81' lang='lat' dir='ltr'>sive</span> <span class='ocrx_word' id='word_1_44' title='bbox 401 628 453 681; x_wconf 90' lang='lat' dir='ltr'>in</span> <span class='ocrx_word' id='word_1_45' title='bbox 497 625 734 681; x_wconf 86' lang='lat' dir='ltr'>civilibus</span> <span class='ocrx_word' id='word_1_46' title='bbox 779 626 928 680; x_wconf 83' lang='lat' dir='ltr'>rebus</span> <span class='ocrx_word' id='word_1_47' title='bbox 973 628 1379 682; x_wconf 80' lang='lat' dir='ltr'>communionem</span> <span class='ocrx_word' id='word_1_48' title='bbox 1421 626 1627 683; x_wconf 89' lang='lat' dir='ltr'>habere.</span> <span class='ocrx_word' id='word_1_49' title='bbox 1670 626 1734 681; x_wconf 84' lang='lat' dir='ltr'>Et</span> <span class='ocrx_word' id='word_1_50' title='bbox 1776 625 1983 700; x_wconf 88' lang='lat' dir='ltr'>quidem</span> 
     </span>
     <span class='ocr_line' id='line_1_7' title="bbox 255 719 1985 796; baseline -0.002 -19"><span class='ocrx_word' id='word_1_51' title='bbox 255 721 390 795; x_wconf 85' lang='lat' dir='ltr'>quod</span> <span class='ocrx_word' id='word_1_52' title='bbox 453 721 668 796; x_wconf 79' lang='lat' dir='ltr'>pertinet</span> <span class='ocrx_word' id='word_1_53' title='bbox 731 719 795 775; x_wconf 87' lang='lat' dir='ltr'>ad</span> <span class='ocrx_word' id='word_1_54' title='bbox 850 739 928 775; x_wconf 89' lang='lat' dir='ltr'>res</span> <span class='ocrx_word' id='word_1_55' title='bbox 992 740 1163 776; x_wconf 85' lang='lat' dir='ltr'>sacras</span> <span class='ocrx_word' id='word_1_56' title='bbox 1224 732 1271 775; x_wconf 92' lang='lat' dir='ltr'>et</span> <span class='ocrx_word' id='word_1_57' title='bbox 1348 720 1587 790; x_wconf 78' lang='lat' dir='ltr'>divinaS,</span> <span class='ocrx_word' id='word_1_58' title='bbox 1645 722 1808 777; x_wconf 89' lang='lat' dir='ltr'>omnis</span> <span class='ocrx_word' id='word_1_59' title='bbox 1870 738 1985 775; x_wconf 94' lang='lat' dir='ltr'>cum</span> 
     </span>
     <span class='ocr_line' id='line_1_8' title="bbox 253 814 1984 890; baseline -0.002 -19"><span class='ocrx_word' id='word_1_60' title='bbox 253 816 435 871; x_wconf 85' lang='lat' dir='ltr'>iisdem</span> <span class='ocrx_word' id='word_1_61' title='bbox 481 816 874 870; x_wconf 81' lang='lat' dir='ltr'>communicatio</span> <span class='ocrx_word' id='word_1_62' title='bbox 927 835 1125 890; x_wconf 89' lang='lat' dir='ltr'>semper</span> <span class='ocrx_word' id='word_1_63' title='bbox 1166 826 1212 870; x_wconf 94' lang='lat' dir='ltr'>et</span> <span class='ocrx_word' id='word_1_64' title='bbox 1273 815 1673 888; x_wconf 89' lang='lat' dir='ltr'>quibuscumque</span> <span class='ocrx_word' id='word_1_65' title='bbox 1732 816 1838 871; x_wconf 92' lang='lat' dir='ltr'>sine</span> <span class='ocrx_word' id='word_1_66' title='bbox 1883 814 1984 869; x_wconf 91' lang='lat' dir='ltr'>ulla</span> 
     </span>
     <span class='ocr_line' id='line_1_9' title="bbox 255 910 1985 986; baseline -0.001 -19"><span class='ocrx_word' id='word_1_67' title='bbox 255 913 547 986; x_wconf 78' lang='lat' dir='ltr'>exceptione</span> <span class='ocrx_word' id='word_1_68' title='bbox 608 913 757 967; x_wconf 80' lang='lat' dir='ltr'>vetita</span> <span class='ocrx_word' id='word_1_69' title='bbox 802 924 912 982; x_wconf 66' lang='lat' dir='ltr'>est,</span> <span class='ocrx_word' id='word_1_70' title='bbox 966 914 1324 967; x_wconf 89' lang='lat' dir='ltr'>commercium</span> <span class='ocrx_word' id='word_1_71' title='bbox 1386 930 1503 967; x_wconf 84' lang='lat' dir='ltr'>vero</span> <span class='ocrx_word' id='word_1_72' title='bbox 1545 912 1693 967; x_wconf 84' lang='lat' dir='ltr'>civile</span> <span class='ocrx_word' id='word_1_73' title='bbox 1734 910 1985 966; x_wconf 89' lang='lat' dir='ltr'>interdum</span> 
     </span>
     <span class='ocr_line' id='line_1_10' title="bbox 253 1006 1986 1082; baseline -0.001 -21"><span class='ocrx_word' id='word_1_74' title='bbox 253 1007 562 1082; x_wconf 83' lang='lat' dir='ltr'>permittitur</span> <span class='ocrx_word' id='word_1_75' title='bbox 604 1006 911 1080; x_wconf 89' lang='lat' dir='ltr'>quibusdam</span> <span class='ocrx_word' id='word_1_76' title='bbox 956 1008 1104 1062; x_wconf 86' lang='lat' dir='ltr'>certis</span> <span class='ocrx_word' id='word_1_77' title='bbox 1147 1006 1488 1079; x_wconf 84' lang='lat' dir='ltr'>gravibusque</span> <span class='ocrx_word' id='word_1_78' title='bbox 1531 1006 1593 1061; x_wconf 92' lang='lat' dir='ltr'>de</span> <span class='ocrx_word' id='word_1_79' title='bbox 1628 1007 1815 1075; x_wconf 78' lang='lat' dir='ltr'>causis,</span> <span class='ocrx_word' id='word_1_80' title='bbox 1857 1024 1986 1079; x_wconf 93' lang='lat' dir='ltr'>quae</span> 
     </span>
     <span class='ocr_line' id='line_1_11' title="bbox 258 1101 1208 1157; baseline -0.001 0"><span class='ocrx_word' id='word_1_81' title='bbox 258 1112 615 1157; x_wconf 78' lang='lat' dir='ltr'>enumerantur</span> <span class='ocrx_word' id='word_1_82' title='bbox 658 1101 752 1156; x_wconf 93' lang='lat' dir='ltr'>hoc</span> <span class='ocrx_word' id='word_1_83' title='bbox 798 1102 915 1157; x_wconf 89' lang='lat' dir='ltr'>trito</span> <span class='ocrx_word' id='word_1_84' title='bbox 962 1101 1208 1156; x_wconf 79' lang='lat' dir='ltr'>versiculo</span> 
     </span>
     <span class='ocr_line' id='line_1_12' title="bbox 509 1195 1750 1267; baseline -0.001 -17"><span class='ocrx_word' id='word_1_85' title='bbox 509 1195 664 1262; x_wconf 69' lang='lat' dir='ltr'>Utile,</span> <span class='ocrx_word' id='word_1_86' title='bbox 709 1195 821 1262; x_wconf 70' lang='lat' dir='ltr'>lex,</span> <span class='ocrx_word' id='word_1_87' title='bbox 866 1195 1084 1262; x_wconf 76' lang='lat' dir='ltr'>humile,</span> <span class='ocrx_word' id='word_1_88' title='bbox 1128 1213 1208 1250; x_wconf 76' lang='lat' dir='ltr'>res</span> <span class='ocrx_word' id='word_1_89' title='bbox 1249 1195 1514 1267; x_wconf 63' lang='lat' dir='ltr'>ignorata,</span> <span class='ocrx_word' id='word_1_90' title='bbox 1557 1212 1750 1249; x_wconf 75' lang='lat' dir='ltr'>necesse</span> 
     </span>
    </p>

    <p class='ocr_par' dir='ltr' id='par_1_3' title="bbox 251 1290 1990 2973">
     <span class='ocr_line' id='line_1_13' title="bbox 331 1290 1987 1364; baseline -0.002 -18"><span class='ocrx_word' id='word_1_91' title='bbox 331 1290 510 1346; x_wconf 87' lang='lat' dir='ltr'>Prima</span> <span class='ocrx_word' id='word_1_92' title='bbox 554 1293 723 1364; x_wconf 87' lang='lat' dir='ltr'>itaque</span> <span class='ocrx_word' id='word_1_93' title='bbox 766 1311 917 1346; x_wconf 91' lang='lat' dir='ltr'>causa</span> <span class='ocrx_word' id='word_1_94' title='bbox 979 1310 1225 1346; x_wconf 80' lang='lat' dir='ltr'>excusans</span> <span class='ocrx_word' id='word_1_95' title='bbox 1285 1302 1360 1345; x_wconf 92' lang='lat' dir='ltr'>est</span> <span class='ocrx_word' id='word_1_96' title='bbox 1417 1290 1572 1358; x_wconf 73' lang='lat' dir='ltr'>Utile,</span> <span class='ocrx_word' id='word_1_97' title='bbox 1633 1291 1730 1346; x_wconf 93' lang='lat' dir='ltr'>hoc</span> <span class='ocrx_word' id='word_1_98' title='bbox 1773 1301 1847 1346; x_wconf 91' lang='lat' dir='ltr'>est</span> <span class='ocrx_word' id='word_1_99' title='bbox 1890 1290 1987 1344; x_wconf 91' lang='lat' dir='ltr'>uti-</span> 
     </span>
     <span class='ocr_line' id='line_1_14' title="bbox 251 1385 1985 1459; baseline -0.002 -18"><span class='ocrx_word' id='word_1_100' title='bbox 251 1387 367 1441; x_wconf 91' lang='lat' dir='ltr'>litas</span> <span class='ocrx_word' id='word_1_101' title='bbox 410 1387 609 1441; x_wconf 86' lang='lat' dir='ltr'>animae</span> <span class='ocrx_word' id='word_1_102' title='bbox 661 1385 737 1440; x_wconf 81' lang='lat' dir='ltr'>vel</span> <span class='ocrx_word' id='word_1_103' title='bbox 780 1387 1008 1459; x_wconf 88' lang='lat' dir='ltr'>corporis</span> <span class='ocrx_word' id='word_1_104' title='bbox 1051 1388 1257 1441; x_wconf 90' lang='lat' dir='ltr'>omnino</span> <span class='ocrx_word' id='word_1_105' title='bbox 1300 1387 1511 1456; x_wconf 68' lang='lat' dir='ltr'>gravis,</span> <span class='ocrx_word' id='word_1_106' title='bbox 1559 1389 1611 1442; x_wconf 72' lang='lat'>2.</span> <span class='ocrx_word' id='word_1_107' title='bbox 1651 1389 1765 1440; x_wconf 77' lang='lat' dir='ltr'>Leoe</span> <span class='ocrx_word' id='word_1_108' title='bbox 1808 1403 1985 1458; x_wconf 86' lang='lat' dir='ltr'>nempe</span> 
     </span>
     <span class='ocr_line' id='line_1_15' title="bbox 256 1480 1988 1554; baseline -0.001 -18"><span class='ocrx_word' id='word_1_109' title='bbox 256 1481 503 1552; x_wconf 88' lang='lat' dir='ltr'>conjugii,</span> <span class='ocrx_word' id='word_1_110' title='bbox 563 1492 768 1554; x_wconf 89' lang='lat' dir='ltr'>propter</span> <span class='ocrx_word' id='word_1_111' title='bbox 811 1499 963 1553; x_wconf 91' lang='lat' dir='ltr'>quam</span> <span class='ocrx_word' id='word_1_112' title='bbox 1026 1481 1216 1551; x_wconf 79' lang='lat' dir='ltr'>conjux</span> <span class='ocrx_word' id='word_1_113' title='bbox 1267 1499 1381 1535; x_wconf 91' lang='lat' dir='ltr'>cum</span> <span class='ocrx_word' id='word_1_114' title='bbox 1442 1482 1655 1552; x_wconf 88' lang='lat' dir='ltr'>conjuge</span> <span class='ocrx_word' id='word_1_115' title='bbox 1698 1480 1988 1536; x_wconf 88' lang='lat' dir='ltr'>conversari</span> 
     </span>
     <span class='ocr_line' id='line_1_16' title="bbox 254 1575 1986 1650; baseline -0.001 -19"><span class='ocrx_word' id='word_1_116' title='bbox 254 1588 452 1650; x_wconf 80' lang='lat' dir='ltr'>potest:</span> <span class='ocrx_word' id='word_1_117' title='bbox 502 1580 553 1632; x_wconf 88' lang='lat'>3.</span> <span class='ocrx_word' id='word_1_118' title='bbox 600 1575 814 1629; x_wconf 76' lang='lat' dir='ltr'>Humile</span> <span class='ocrx_word' id='word_1_119' title='bbox 878 1575 1070 1630; x_wconf 88' lang='lat' dir='ltr'>scilicet</span> <span class='ocrx_word' id='word_1_120' title='bbox 1114 1575 1340 1630; x_wconf 86' lang='lat' dir='ltr'>debitum</span> <span class='ocrx_word' id='word_1_121' title='bbox 1401 1576 1730 1646; x_wconf 88' lang='lat' dir='ltr'>subjectionis</span> <span class='ocrx_word' id='word_1_122' title='bbox 1781 1594 1863 1630; x_wconf 84' lang='lat' dir='ltr'>ex.</span> <span class='ocrx_word' id='word_1_123' title='bbox 1907 1593 1986 1645; x_wconf 88' lang='lat' dir='ltr'>gr.</span> 
     </span>
     <span class='ocr_line' id='line_1_17' title="bbox 257 1667 1988 1744; baseline -0.002 -20"><span class='ocrx_word' id='word_1_124' title='bbox 257 1670 479 1724; x_wconf 85' lang='lat' dir='ltr'>filiorum</span> <span class='ocrx_word' id='word_1_125' title='bbox 512 1688 630 1740; x_wconf 87' lang='lat' dir='ltr'>erga</span> <span class='ocrx_word' id='word_1_126' title='bbox 657 1681 909 1744; x_wconf 79' lang='lat' dir='ltr'>parenteS,</span> <span class='ocrx_word' id='word_1_127' title='bbox 954 1668 1267 1725; x_wconf 90' lang='lat' dir='ltr'>Clericorum</span> <span class='ocrx_word' id='word_1_128' title='bbox 1297 1689 1415 1741; x_wconf 88' lang='lat' dir='ltr'>erga</span> <span class='ocrx_word' id='word_1_129' title='bbox 1441 1671 1674 1744; x_wconf 90' lang='lat' dir='ltr'>proprios</span> <span class='ocrx_word' id='word_1_130' title='bbox 1702 1667 1988 1737; x_wconf 85' lang='lat' dir='ltr'>Antistites,</span> 
     </span>
     <span class='ocr_line' id='line_1_18' title="bbox 259 1762 1990 1837; baseline -0.002 -19"><span class='ocrx_word' id='word_1_131' title='bbox 259 1765 478 1819; x_wconf 89' lang='lat' dir='ltr'>militum</span> <span class='ocrx_word' id='word_1_132' title='bbox 523 1783 641 1835; x_wconf 87' lang='lat' dir='ltr'>erga</span> <span class='ocrx_word' id='word_1_133' title='bbox 686 1764 874 1818; x_wconf 89' lang='lat' dir='ltr'>duces:</span> <span class='ocrx_word' id='word_1_134' title='bbox 923 1767 973 1819; x_wconf 81' lang='lat'>4.</span> <span class='ocrx_word' id='word_1_135' title='bbox 1019 1775 1093 1818; x_wconf 92' lang='lat' dir='ltr'>est</span> <span class='ocrx_word' id='word_1_136' title='bbox 1138 1766 1238 1818; x_wconf 81' lang='lat' dir='ltr'>Res</span> <span class='ocrx_word' id='word_1_137' title='bbox 1279 1764 1522 1836; x_wconf 66' lang='lat' dir='ltr'>ignorata</span> <span class='ocrx_word' id='word_1_138' title='bbox 1575 1763 1807 1818; x_wconf 85' lang='lat' dir='ltr'>videlicet</span> <span class='ocrx_word' id='word_1_139' title='bbox 1844 1762 1990 1837; x_wconf 76' lang='lat' dir='ltr'>juris</span> 
     </span>
     <span class='ocr_line' id='line_1_19' title="bbox 260 1858 1989 1933; baseline 0.001 -22"><span class='ocrx_word' id='word_1_140' title='bbox 260 1859 335 1913; x_wconf 80' lang='lat' dir='ltr'>vel</span> <span class='ocrx_word' id='word_1_141' title='bbox 379 1859 534 1931; x_wconf 77' lang='lat' dir='ltr'>facti:</span> <span class='ocrx_word' id='word_1_142' title='bbox 582 1863 633 1915; x_wconf 88' lang='lat'>5.</span> <span class='ocrx_word' id='word_1_143' title='bbox 688 1858 903 1932; x_wconf 89' lang='lat' dir='ltr'>denique</span> <span class='ocrx_word' id='word_1_144' title='bbox 965 1860 1192 1929; x_wconf 78' lang='lat' dir='ltr'>Necesse,</span> <span class='ocrx_word' id='word_1_145' title='bbox 1255 1878 1431 1933; x_wconf 89' lang='lat' dir='ltr'>nempe</span> <span class='ocrx_word' id='word_1_146' title='bbox 1472 1859 1644 1930; x_wconf 87' lang='lat' dir='ltr'>gravis</span> <span class='ocrx_word' id='word_1_147' title='bbox 1690 1858 1862 1932; x_wconf 88' lang='lat' dir='ltr'>aliqua</span> <span class='ocrx_word' id='word_1_148' title='bbox 1905 1877 1989 1912; x_wconf 94' lang='lat' dir='ltr'>ne-</span> 
     </span>
     <span class='ocr_line' id='line_1_20' title="bbox 261 1952 1986 2021; baseline -0.001 -13"><span class='ocrx_word' id='word_1_149' title='bbox 261 1957 486 2009; x_wconf 78' lang='lat' dir='ltr'>cessitas,</span> <span class='ocrx_word' id='word_1_150' title='bbox 534 1952 639 2021; x_wconf 80' lang='lat' dir='ltr'>Qui</span> <span class='ocrx_word' id='word_1_151' title='bbox 688 1973 803 2009; x_wconf 85' lang='lat' dir='ltr'>vero</span> <span class='ocrx_word' id='word_1_152' title='bbox 848 1955 954 2008; x_wconf 90' lang='lat' dir='ltr'>sine</span> <span class='ocrx_word' id='word_1_153' title='bbox 1000 1954 1100 2009; x_wconf 90' lang='lat' dir='ltr'>ulla</span> <span class='ocrx_word' id='word_1_154' title='bbox 1128 1973 1191 2009; x_wconf 78' lang='lat' dir='ltr'>ex</span> <span class='ocrx_word' id='word_1_155' title='bbox 1233 1955 1370 2009; x_wconf 89' lang='lat' dir='ltr'>hisce</span> <span class='ocrx_word' id='word_1_156' title='bbox 1415 1955 1580 2009; x_wconf 88' lang='lat' dir='ltr'>causis</span> <span class='ocrx_word' id='word_1_157' title='bbox 1625 1972 1738 2009; x_wconf 90' lang='lat' dir='ltr'>cum</span> <span class='ocrx_word' id='word_1_158' title='bbox 1782 1971 1986 2008; x_wconf 82' lang='lat' dir='ltr'>excom-</span> 
     </span>
     <span class='ocr_line' id='line_1_21' title="bbox 259 2048 1987 2118; baseline 0 -18"><span class='ocrx_word' id='word_1_159' title='bbox 259 2050 513 2103; x_wconf 86' lang='lat' dir='ltr'>municato</span> <span class='ocrx_word' id='word_1_160' title='bbox 594 2048 797 2104; x_wconf 82' lang='lat' dir='ltr'>vitando</span> <span class='ocrx_word' id='word_1_161' title='bbox 860 2050 1236 2118; x_wconf 75' lang='lat' dir='ltr'>communicat,</span> <span class='ocrx_word' id='word_1_162' title='bbox 1298 2050 1341 2103; x_wconf 88' lang='lat' dir='ltr'>is</span> <span class='ocrx_word' id='word_1_163' title='bbox 1413 2049 1987 2104; x_wconf 81' lang='lat' dir='ltr'>excommunicationem</span> 
     </span>
     <span class='ocr_line' id='line_1_22' title="bbox 260 2141 1987 2217; baseline 0.001 -22"><span class='ocrx_word' id='word_1_164' title='bbox 260 2143 514 2196; x_wconf 73' lang='lat' dir='ltr'>minorem</span> <span class='ocrx_word' id='word_1_165' title='bbox 559 2144 829 2212; x_wconf 73' lang='lat' dir='ltr'>contrahit,</span> <span class='ocrx_word' id='word_1_166' title='bbox 875 2164 962 2217; x_wconf 91' lang='lat' dir='ltr'>per</span> <span class='ocrx_word' id='word_1_167' title='bbox 1005 2162 1157 2217; x_wconf 86' lang='lat' dir='ltr'>quam</span> <span class='ocrx_word' id='word_1_168' title='bbox 1185 2164 1213 2198; x_wconf 88' lang='lat' dir='ltr'>a</span> <span class='ocrx_word' id='word_1_169' title='bbox 1242 2143 1585 2200; x_wconf 86' lang='lat' dir='ltr'>Sacramentis</span> <span class='ocrx_word' id='word_1_170' title='bbox 1630 2141 1987 2216; x_wconf 80' lang='lat' dir='ltr'>suscipiendiS,</span> 
     </span>
     <span class='ocr_line' id='line_1_23' title="bbox 261 2237 1986 2312; baseline -0.001 -21"><span class='ocrx_word' id='word_1_171' title='bbox 261 2237 646 2310; x_wconf 82' lang='lat' dir='ltr'>obtinendisque</span> <span class='ocrx_word' id='word_1_172' title='bbox 688 2238 946 2293; x_wconf 81' lang='lat' dir='ltr'>beneficiis</span> <span class='ocrx_word' id='word_1_173' title='bbox 991 2251 1205 2295; x_wconf 85' lang='lat' dir='ltr'>arcetur.</span> <span class='ocrx_word' id='word_1_174' title='bbox 1251 2237 1416 2312; x_wconf 80' lang='lat' dir='ltr'>Atque</span> <span class='ocrx_word' id='word_1_175' title='bbox 1460 2239 1554 2293; x_wconf 91' lang='lat' dir='ltr'>hoc</span> <span class='ocrx_word' id='word_1_176' title='bbox 1601 2255 1754 2292; x_wconf 92' lang='lat' dir='ltr'>unum</span> <span class='ocrx_word' id='word_1_177' title='bbox 1797 2248 1890 2305; x_wconf 90' lang='lat' dir='ltr'>est,</span> <span class='ocrx_word' id='word_1_178' title='bbox 1936 2237 1986 2290; x_wconf 92' lang='lat' dir='ltr'>in</span> 
     </span>
     <span class='ocr_line' id='line_1_24' title="bbox 259 2332 1987 2404; baseline -0.001 -19"><span class='ocrx_word' id='word_1_179' title='bbox 259 2351 358 2404; x_wconf 89' lang='lat' dir='ltr'>quo</span> <span class='ocrx_word' id='word_1_180' title='bbox 385 2333 427 2386; x_wconf 89' lang='lat' dir='ltr'>si</span> <span class='ocrx_word' id='word_1_181' title='bbox 455 2332 570 2404; x_wconf 88' lang='lat' dir='ltr'>quis</span> <span class='ocrx_word' id='word_1_182' title='bbox 599 2332 887 2404; x_wconf 81' lang='lat' dir='ltr'>deliquerit,</span> <span class='ocrx_word' id='word_1_183' title='bbox 932 2335 1452 2389; x_wconf 75' lang='lat' dir='ltr'>exconmmnicatione</span> <span class='ocrx_word' id='word_1_184' title='bbox 1488 2332 1684 2386; x_wconf 75' lang='lat' dir='ltr'>minori</span> <span class='ocrx_word' id='word_1_185' title='bbox 1727 2333 1987 2401; x_wconf 73' lang='lat' dir='ltr'>irretitur,</span> 
     </span>
     <span class='ocr_line' id='line_1_25' title="bbox 260 2426 1988 2501; baseline 0 -22"><span class='ocrx_word' id='word_1_186' title='bbox 260 2445 376 2479; x_wconf 86' lang='lat' dir='ltr'>nam</span> <span class='ocrx_word' id='word_1_187' title='bbox 422 2427 615 2499; x_wconf 88' lang='lat' dir='ltr'>reliqua</span> <span class='ocrx_word' id='word_1_188' title='bbox 661 2426 843 2480; x_wconf 79' lang='lat' dir='ltr'>delicta</span> <span class='ocrx_word' id='word_1_189' title='bbox 899 2429 1068 2482; x_wconf 87' lang='lat' dir='ltr'>omnia</span> <span class='ocrx_word' id='word_1_190' title='bbox 1123 2429 1535 2501; x_wconf 87' lang='lat' dir='ltr'>quotiescumque</span> <span class='ocrx_word' id='word_1_191' title='bbox 1579 2447 1607 2481; x_wconf 89' lang='lat' dir='ltr'>a</span> <span class='ocrx_word' id='word_1_192' title='bbox 1649 2428 1759 2498; x_wconf 87' lang='lat' dir='ltr'>jure</span> <span class='ocrx_word' id='word_1_193' title='bbox 1804 2426 1878 2481; x_wconf 86' lang='lat' dir='ltr'>vel</span> <span class='ocrx_word' id='word_1_194' title='bbox 1923 2426 1988 2480; x_wconf 87' lang='lat' dir='ltr'>ab</span> 
     </span>
     <span class='ocr_line' id='line_1_26' title="bbox 264 2520 1987 2596; baseline 0.001 -23"><span class='ocrx_word' id='word_1_195' title='bbox 264 2521 468 2575; x_wconf 81' lang='lat' dir='ltr'>homine</span> <span class='ocrx_word' id='word_1_196' title='bbox 530 2522 1048 2576; x_wconf 76' lang='lat' dir='ltr'>excommunicatione</span> <span class='ocrx_word' id='word_1_197' title='bbox 1111 2522 1404 2591; x_wconf 83' lang='lat' dir='ltr'>multantur,</span> <span class='ocrx_word' id='word_1_198' title='bbox 1464 2542 1661 2596; x_wconf 90' lang='lat' dir='ltr'>semper</span> <span class='ocrx_word' id='word_1_199' title='bbox 1720 2520 1987 2574; x_wconf 88' lang='lat' dir='ltr'>tenendum</span> 
     </span>
     <span class='ocr_line' id='line_1_27' title="bbox 261 2616 1988 2688; baseline 0 -18"><span class='ocrx_word' id='word_1_200' title='bbox 261 2628 352 2684; x_wconf 81' lang='lat' dir='ltr'>est,</span> <span class='ocrx_word' id='word_1_201' title='bbox 397 2617 934 2671; x_wconf 78' lang='lat' dir='ltr'>excommunicationis</span> <span class='ocrx_word' id='word_1_202' title='bbox 1000 2616 1243 2672; x_wconf 80' lang='lat' dir='ltr'>vocabulo</span> <span class='ocrx_word' id='word_1_203' title='bbox 1306 2618 1518 2688; x_wconf 83' lang='lat' dir='ltr'>intelligi</span> <span class='ocrx_word' id='word_1_204' title='bbox 1580 2617 1988 2671; x_wconf 83' lang='lat' dir='ltr'>excommunica-</span> 
     </span>
     <span class='ocr_line' id='line_1_28' title="bbox 264 2709 1990 2784; baseline 0.001 -21"><span class='ocrx_word' id='word_1_205' title='bbox 264 2711 447 2764; x_wconf 80' lang='lat' dir='ltr'>tionem</span> <span class='ocrx_word' id='word_1_206' title='bbox 494 2709 770 2782; x_wconf 73' lang='lat' dir='ltr'>mujorem,</span> <span class='ocrx_word' id='word_1_207' title='bbox 825 2729 935 2764; x_wconf 88' lang='lat' dir='ltr'>eam</span> <span class='ocrx_word' id='word_1_208' title='bbox 981 2729 1175 2784; x_wconf 89' lang='lat' dir='ltr'>nempe,</span> <span class='ocrx_word' id='word_1_209' title='bbox 1231 2710 1291 2764; x_wconf 91' lang='lat' dir='ltr'>de</span> <span class='ocrx_word' id='word_1_210' title='bbox 1334 2730 1432 2783; x_wconf 89' lang='lat' dir='ltr'>qua</span> <span class='ocrx_word' id='word_1_211' title='bbox 1478 2731 1628 2784; x_wconf 88' lang='lat' dir='ltr'>supra</span> <span class='ocrx_word' id='word_1_212' title='bbox 1674 2709 1898 2765; x_wconf 74' lang='lat' dir='ltr'>diximus</span> <span class='ocrx_word' id='word_1_213' title='bbox 1942 2721 1990 2765; x_wconf 87' lang='lat' dir='ltr'>et</span> 
     </span>
     <span class='ocr_line' id='line_1_29' title="bbox 264 2803 1985 2861; baseline 0.001 -4"><span class='ocrx_word' id='word_1_214' title='bbox 264 2804 531 2858; x_wconf 82' lang='lat' dir='ltr'>dicendum</span> <span class='ocrx_word' id='word_1_215' title='bbox 575 2816 646 2859; x_wconf 85' lang='lat' dir='ltr'>est</span> <span class='ocrx_word' id='word_1_216' title='bbox 699 2805 882 2861; x_wconf 85' lang='lat' dir='ltr'>adhuc.</span> <span class='ocrx_word' id='word_1_217' title='bbox 947 2803 1179 2860; x_wconf 83' lang='lat' dir='ltr'>Ceterum</span> <span class='ocrx_word' id='word_1_218' title='bbox 1240 2807 1693 2860; x_wconf 66' lang='lat' dir='ltr'>excommunicatio</span> <span class='ocrx_word' id='word_1_219' title='bbox 1749 2807 1985 2860; x_wconf 85' lang='lat' dir='ltr'>minora</span> 
     </span>
     <span class='ocr_line' id='line_1_30' title="bbox 266 2897 1989 2973; baseline 0.003 -23"><span class='ocrx_word' id='word_1_220' title='bbox 266 2899 487 2969; x_wconf 77' lang='lat' dir='ltr'>quolibet</span> <span class='ocrx_word' id='word_1_221' title='bbox 534 2897 807 2954; x_wconf 79' lang='lat' dir='ltr'>Sacerdote</span> <span class='ocrx_word' id='word_1_222' title='bbox 852 2900 914 2955; x_wconf 87' lang='lat' dir='ltr'>ad</span> <span class='ocrx_word' id='word_1_223' title='bbox 960 2899 1281 2972; x_wconf 74' lang='lat' dir='ltr'>excipiendas</span> <span class='ocrx_word' id='word_1_224' title='bbox 1329 2899 1664 2955; x_wconf 84' lang='lat' dir='ltr'>consessiones</span> <span class='ocrx_word' id='word_1_225' title='bbox 1709 2899 1989 2973; x_wconf 87' lang='lat' dir='ltr'>approbato</span> 
     </span>
    </p>
   </div>
  </div>
 </body>
</html>
