2114 3289
319 128 428 179 140
475 144 568 181 un.
591 143 642 180 11.
664 144 709 180 c.
741 143 773 179 1.
806 142 864 176 nr.
892 142 940 176 R.
972 141 1234 178 Ponrmce
1262 143 1432 186 EJUSQ.
1455 142 1795 180 ADJUTORIBUS

310 246 538 321 Denique
581 248 632 301 in
676 245 896 317 quinque
940 240 1206 313 Conciliis,
1235 244 1475 300 nimirum
1501 242 1959 315 Viennensi‚·Con-

235 342 519 410 stantiensi‚
562 338 889 393 Lateranensi
932 334 1033 406 IV,
1077 334 1404 393 Lateranensi
1446 337 1493 393 V
1507 382 1525 409 ,
1566 351 1614 395 et
1653 338 1955 395 Tridentino

232 435 296 490 de
324 431 726 507 exemptionibus
753 443 920 487 actum
962 443 1055 500 est,
1083 449 1242 504 neque
1283 430 1419 486 istud
1458 432 1539 502 jus
1581 431 1780 490 Summi
1823 431 1959 489 Pon-

235 528 384 583 tificis
427 529 479 582 in
521 525 888 580 dubitationem
931 524 1226 595 adductum,
1257 543 1412 597 neque
1455 528 1793 601 exemptiones
1837 527 1956 583 sub-

235 622 404 686 latae,
464 619 552 675 sed
614 618 814 692 aliquae
863 617 1212 675 tantummodo
1275 617 1477 689 regulae
1537 621 1666 676 mira
1710 621 1957 695 sapientia

236 715 487 784 conditae,
512 734 641 788 quae
683 713 748 770 ad
791 713 1043 785 legitimas
1087 733 1285 783 causas,
1310 725 1359 768 et
1400 731 1545 768 usum
1586 717 1959 790 exemptionum

234 810 497 883 pertinent.
559 808 639 863 Ex
698 807 882 864 iisdem
942 810 1093 864 etiam
1145 805 1390 864 Conciliis
1435 809 1807 882 apertissimum
1848 821 1959 879 est,

232 904 314 974 jus
357 904 730 976 exemptionum
776 902 1213 959 concedendarum
1256 920 1386 958 nunc
1428 902 1513 956 uni
1555 900 1790 958 Romano
1826 901 1961 960 Pon-

237 996 361 1052 tifici
405 1007 713 1051 reservatum
753 1014 878 1052 esse.

293 1183 585 1241 Quamquam
619 1182 916 1242 Episcopalis
950 1182 1062 1230 ordo
1111 1183 1342 1230 divinitus
1384 1183 1631 1229 institutus
1666 1182 1746 1237 sit,
1783 1182 1881 1230 sive
1918 1189 1970 1230 ut

229 1263 299 1310 ait
331 1263 600 1320 ApostoluS,
635 1262 857 1325 Episcopi
885 1263 1035 1325 positi
1069 1262 1167 1310 sint
1200 1279 1230 1309 a
1263 1263 1453 1325 Spiritu
1485 1264 1658 1310 Sancto
1691 1276 1846 1323 reqere
1882 1261 1971 1310 Ec-

230 1342 420 1390 clesiam
455 1343 562 1400 Dei,
598 1346 750 1404 portio
787 1352 944 1392 tamen
981 1342 1085 1402 ejus
1121 1346 1299 1405 gregiS‚
1337 1357 1474 1404 quem
1511 1345 1710 1403 quisque
1756 1352 1907 1404 regat,
1945 1357 1972 1390 a

231 1424 417 1472 Christo
452 1424 765 1471 determinata
802 1438 896 1471 non
932 1424 1040 1481 fuit,
1083 1426 1164 1471 sed
1214 1426 1433 1484 prudenti
1483 1426 1724 1472 Ecclesiae
1775 1425 1970 1471 arbitrio

233 1507 421 1562 relict33
458 1506 502 1552 id
538 1507 662 1564 quod
699 1505 822 1552 infra
857 1507 1299 1554 demonstrabimus.
1340 1508 1502 1565 Itaque
1550 1508 1727 1553 divinis
1775 1508 1975 1566 Episco-

231 1600 396 1646 porum
431 1585 617 1645 juribus
652 1587 782 1633 nulla
817 1588 867 1633 fit
890 1584 1086 1645 injuria,
1111 1589 1219 1634 dum
1250 1589 1483 1643 Ecclesia,
1509 1588 1866 1643 Monasterium,
1898 1587 1970 1634 vel

233 1681 434 1728 persona
473 1670 630 1728 aliqua
668 1670 852 1716 ratione
890 1671 1115 1725 munem,
1153 1677 1234 1716 aut
1268 1671 1538 1730 dignitatis,
1575 1670 1727 1716 aliave
1761 1667 1889 1728 justa
1914 1670 1971 1716 de

233 1762 373 1796 causa
411 1762 436 1795 a
471 1747 804 1808 jurisdictione
841 1748 1046 1809 alicujus
1082 1751 1304 1810 Episcopi
1342 1751 1582 1798 eximitur.
1616 1750 1733 1795 Illud
1770 1750 1969 1803 accedit,

234 1830 356 1889 quod
393 1831 606 1877 Concilia
643 1836 689 1877 et
725 1831 971 1878 Pontifices
1006 1844 1188 1890 semper
1232 1838 1478 1886 caverunt,
1527 1845 1583 1878 ne
1625 1828 1883 1891 yirivileqia
1931 1835 1973 1877 et

232 1911 571 1972 eecemptiones,
607 1926 722 1973 quae
757 1911 910 1958 variis
945 1911 1102 1958 titulis
1135 1911 1369 1974 plerisque
1412 1909 1749 1970 conceduntur,
1779 1916 1974 1974 pertar-

232 1991 466 2039 bationem
513 1992 567 2039 in
618 1992 956 2054 Episcoporum
995 1992 1338 2055 jurisdictione
1386 1992 1675 2050 excitarent,
1724 1998 1766 2039 et
1813 2005 1974 2038 eoeem-

229 2072 330 2134 ptis
388 2073 675 2120 occasionem
736 2072 944 2120 laxioris
992 2073 1118 2121 vitae
1172 2073 1477 2136 praeberent:
1527 2074 1707 2122 Concil.
1758 2073 1967 2120 Trident-

237 2167 352 2201 sess.
391 2153 453 2199 24
491 2166 600 2214 cap,
645 2155 697 2201 11
737 2156 793 2203 de
829 2154 1019 2203 reform.

1017 2312 1062 2391 §.
1111 2323 1203 2376 36.

634 2454 707 2500 DE
743 2455 883 2500 JURE
924 2456 1288 2503 PERCIPIENDI
1325 2455 1593 2503 ANNATAS

328 2601 556 2658 Annatae
616 2615 730 2658 sunt
790 2614 952 2658 certae
1011 2605 1314 2676 pensioneS‚
1376 2615 1462 2658 aut
1520 2614 1680 2659 certae
1732 2602 1969 2675 pecuniae

249 2698 572 2769 quantitateS‚
615 2716 743 2770 quae
784 2716 847 2752 ex
888 2694 1303 2770 Episcopatuum‚
1331 2696 1646 2769 aliorumque
1688 2693 1967 2750 Beneficio-

250 2811 360 2847 rum
402 2792 648 2851 fructibus
690 2794 843 2867 primi
886 2793 1004 2848 anni
1047 2790 1279 2848 Romano
1323 2790 1588 2861 Pontifici,
1632 2792 1737 2847 sive
1791 2789 1968 2847 Came-

252 2906 336 2941 rae
395 2884 715 2960 Apostolicae
775 2887 1052 2945 solvuntur.
1112 2884 1226 2943 Jam
1282 2905 1396 2944 vero
1447 2885 1663 2943 naturali
1706 2897 1754 2942 et
1794 2883 1966 2942 divino
