2114 3289
353 113 461 163 110
508 129 601 164 Lm.
628 128 679 164 11.
704 128 749 163 o.
771 126 804 161 1.
836 126 894 161 ne
923 126 970 162 R.
996 125 1260 162 PouTnucE
1289 125 1459 170 EJUSQ.
1491 125 1828 166 ADJUTORIBUS

266 232 380 287 riae
432 231 811 298 miserendum,
854 239 906 283 ut
947 227 1170 301 loquitur
1211 226 1530 285 Innocentius
1574 227 1652 284 ΙΙΙ
1694 250 1805 305 cap.
1852 234 1884 287 5
1928 230 1990 286 (16

268 324 467 383 Clerico
528 335 832 396 aegrotante.
893 321 1037 377 Tunc
1096 322 1264 396 itaque
1317 320 1597 395 Coadjutor
1640 308 1836 381 dandus
1879 337 1990 395 est,

267 421 410 491 cujus
438 438 587 493 opera
613 429 660 472 et
687 417 899 473 consilio
944 415 1200 472 Dioecesis
1233 428 1376 479 recte
1420 417 1818 475 administretur.
1864 417 1993 475 Sunt

269 526 433 569 autem
469 511 803 581 Coadjutores
840 510 1056 585 duplicis
1099 512 1332 581 generis:
1377 510 1465 565 alii
1507 513 1640 567 enim
1683 514 1994 568 constituun-

269 620 348 662 tur
391 606 455 660 ad
500 617 713 679 tempus,
751 604 918 678 quoad
962 605 1153 660 scilicet
1195 603 1477 680 Episcopus
1523 606 1722 676 vixerit,
1749 619 1834 662 aut
1875 625 1995 662 con-

270 701 514 756 valuerit:
577 699 665 755 alii
728 719 842 755 vero
903 711 1018 755 sunt
1069 697 1403 769 Coadjutores
1447 701 1706 773 perpetui,
1749 703 1837 774 qui
1879 719 1993 756 cum

266 796 376 865 jure
403 794 734 849 successionis
777 795 1185 864 constituuntur,
1229 793 1455 867 adeoque
1499 805 1696 849 mortuo
1739 793 1992 869 Episcopo

266 890 317 944 in
360 889 467 958 ejus
510 888 675 944 locum
721 887 1011 944 succedunt.

348 982 456 1039 Hoc
511 983 621 1039 loco
667 982 972 1038 monendum
1016 993 1126 1051 est,
1170 982 1222 1037 in
1266 980 1509 1038 Ecclesiis
1553 983 1705 1038 nimis
1749 981 1812 1037 ab
1855 981 1995 1038 Urbe

265 1077 461 1133 dissitis
505 1076 806 1152 EpiscopOS,
850 1077 936 1150 qui
981 1076 1046 1131 ob
1091 1087 1323 1145 aetatem,
1359 1076 1715 1146 valetudinem,
1743 1077 1995 1150 aliamque

267 1191 472 1227 causam
534 1191 625 1245 ope
686 1171 902 1226 aliorum
964 1169 1228 1242 indigent,
1278 1190 1426 1245 posse
1470 1189 1660 1241 unum,
1708 1171 1783 1227 vel
1827 1170 1995 1245 plures

267 1267 366 1323 sibi
411 1264 745 1337 Coadjutores
792 1285 905 1321 cum
946 1285 1154 1321 assensu
1198 1263 1422 1340 Capituli
1467 1266 1531 1321 ad
1576 1278 1769 1340 tempus
1813 1267 1997 1321 consti-

269 1374 422 1416 tuere.
467 1359 522 1416 Si
570 1380 684 1416 vero
728 1359 1010 1435 Episcopus
1054 1360 1152 1416 sibi
1196 1363 1482 1436 prospicere
1517 1374 1747 1435 nequeat,
1784 1360 1997 1418 fortasse

268 1455 404 1529 quod
448 1474 652 1529 compos
699 1457 776 1510 sui
819 1473 918 1511 non
963 1456 1046 1524 sit,
1075 1468 1177 1510 tum
1220 1455 1384 1511 eidem
1427 1475 1516 1530 per
1549 1457 1656 1527 ejus
1685 1454 1997 1530 Capitulum,

269 1562 354 1605 aut
395 1549 521 1605 duas
567 1547 788 1624 Capituli
834 1562 1030 1624 parteS,
1075 1569 1201 1605 unus
1247 1563 1331 1605 aut
1374 1550 1501 1605 alter
1543 1548 1826 1621 Coadjntor
1867 1561 1998 1605 recte

269 1647 456 1716 datur,
500 1658 545 1700 et
589 1647 632 1700 si
676 1645 957 1719 Episcopus
1003 1644 1352 1716 contradicat,
1397 1658 1499 1702 tota
1543 1665 1621 1701 res
1676 1644 1998 1720 Apostolicae

269 1739 391 1796 Sedi
452 1740 724 1814 aperienda
774 1752 884 1810 est,
930 1752 979 1794 ut
1023 1739 1279 1795 Ecclesiae
1323 1742 1607 1795 necessitati
1652 1738 1998 1813 provideatur.

347 1832 416 1889 At
458 1854 574 1890 vero
619 1834 679 1889 (16
724 1832 1122 1906 Coadjutoribus
1168 1854 1280 1890 cum
1323 1833 1491 1890 futura
1535 1836 1850 1890 successione
1883 1853 2000 1890 con-

273 1929 539 1984 stituendis
586 1950 615 1984 a
659 1927 890 1985 Concilio
935 1928 1237 1985 Tridentino
1282 1950 1392 2004 cap.
1443 1934 1470 1982 7
1519 1948 1641 1986 sess,
1690 1931 1761 1982 25
1815 1928 1876 1984 (16
1925 1949 2002 1985 re·

271 2023 473 2080 format.
529 2025 775 2079 sancitum
827 2035 935 2078 est:
997 2023 1057 2079 Si
1099 2023 1307 2094 quando
1351 2023 1607 2078 Ecclesiae
1650 2022 2000 2091 cathedralis,

269 2130 358 2173 aut
400 2118 701 2173 monasterii
743 2136 930 2190 urqens
972 2119 1258 2187 necessitas,
1296 2131 1386 2173 auc
1430 2119 1634 2174 evidens
1675 2118 1875 2174 utilitas
1908 2137 2003 2192 po-

268 2213 415 2268 stulet
459 2212 703 2267 Praelaco
747 2213 868 2267 dari
914 2213 1308 2287 Coadjulorem,
1352 2215 1396 2269 is
1439 2233 1543 2268 non
1585 2214 1718 2268 alias
1760 2232 1876 2268 cum
1918 2214 2001 2286 fu-

271 2321 391 2363 tura
432 2308 736 2362 successione
781 2309 952 2376 detur,
979 2327 1133 2380 quam
1175 2310 1297 2364 haec
1341 2327 1494 2364 causa
1527 2310 1680 2383 prius
1720 2309 1999 2381 diligenter

270 2425 302 2460 a
345 2409 555 2462 Summo
599 2406 834 2458 Romano
878 2405 1125 2478 Pontifice
1168 2406 1232 2460 sit
1275 2406 1495 2477 coqm'ta.
1557 2404 1732 2479 Itaque
1774 2402 1997 2475 Coadju-

272 2513 348 2555 tor
392 2499 759 2554 haereditarius
804 2500 896 2553 rite
922 2511 1151 2572 recteque
1177 2519 1276 2556 non
1304 2502 1642 2571 constituitur,
1669 2500 1766 2555 nisi
1792 2496 1991 2555 Summi

271 2594 535 2652 Pontificis
597 2595 929 2665 auctoritate,
990 2606 1093 2649 tum
1154 2596 1273 2668 quia
1325 2596 1613 2652 constitutio
1664 2591 1991 2665 Coadjutoris

272 2709 385 2744 cum
412 2689 578 2744 futura
607 2690 920 2744 successione
947 2690 1076 2744 inter
1102 2708 1279 2745 causas
1324 2690 1542 2760 majores
1585 2687 1796 2743 refertur
1839 2684 1986 2763 (cap.

272 2786 419 2840 unico
464 2783 524 2839 de
568 2781 751 2839 Cleric.
798 2795 986 2855 aegrot.
1032 2785 1081 2838 in
1128 2778 1231 2854 6);
1275 2795 1378 2838 tum
1421 2785 1540 2856 quia
1583 2783 1868 2839 constitutio
1895 2784 1988 2837 hu-

273 2879 494 2949 jusmodi
540 2877 866 2951 Coadjutoris
908 2890 980 2935 est
1023 2881 1138 2936 novi
1182 2878 1422 2954 Episcopi
1464 2878 1731 2950 institutio,
1767 2878 1993 2952 quando-
