2114 3289
443 124 487 199 §-
534 147 670 184 LXVI.
719 147 779 181 DE
823 145 1204 182 APPELLATIONE
1252 143 1314 178 AB
1357 142 1513 179 Assusu
1642 128 1745 178 251

122 252 376 308 Ecclesiae
419 269 775 322 sacrorumque
818 268 1065 305 canonum
1104 249 1337 322 respicit3
1380 246 1593 320 ideoque
1636 245 1835 302 Princi-

120 365 233 419 pem
275 365 373 400 non
416 343 566 399 modo
594 363 759 417 posse9
804 344 890 398 sed
921 345 1071 397 etiam
1115 361 1289 397 curare
1332 341 1531 409 debere,
1559 360 1618 395 ne
1662 353 1834 395 contra

120 459 333 494 canones
375 451 424 493 et
465 451 662 513 recepta
712 436 968 492 Ecclesiae
1011 439 1123 508 jura
1176 436 1453 509 quidquam
1504 447 1832 509 perpetretur,

119 544 165 585 et
208 534 248 587 si
293 533 414 605 quid
466 532 759 603 hujusmodi
804 552 831 586 a
883 531 1050 602 judice
1109 530 1447 585 ecclesiastico
1508 530 1833 584 commissum

117 625 284 695 fuerit,
323 627 617 700 propulsare
660 638 706 681 et
747 625 1030 681 emendare.
1075 620 1301 679 Alterum
1345 635 1693 694 argumentum
1738 634 1830 692 est,

119 721 327 776 summis
370 719 696 795 Principibus
739 721 818 790 jus
879 730 1271 793 potestatemque
1331 737 1457 786 esse,
1501 737 1584 773 eos
1639 737 1832 786 omnes,

119 814 203 884 qui
248 816 298 868 in
327 816 552 888 ipsorum
580 814 769 870 ditione
803 826 940 883 sunt,
968 833 995 868 a
1024 814 1071 867 vi
1098 824 1144 867 et
1179 814 1500 886 oppressione
1540 811 1835 890 ‘defendere3

115 917 162 960 et
204 908 396 964 idcirco
450 911 493 964 si
552 908 707 979 judex
767 908 1132 963 ecclesiasticus
1192 908 1431 976 injuriam
1493 905 1695 974 inferat„
1756 904 1832 960 fas

113 1003 208 1056 erit
249 1014 295 1056 et
336 1022 576 1076 oppresso
621 1002 686 1057 ad
730 1000 1020 1076 Principem
1063 999 1349 1071 confugere,
1385 1011 1430 1054 et
1475 998 1702 1073 Principi
1745 1019 1833 1073 ap-

112 1095 435 1168 pellationem
488 1098 725 1170 recipere.
788 1095 1018 1150 Tertium
1077 1094 1291 1166 denique
1352 1105 1699 1164 argumentum
1751 1113 1832 1147 su-

113 1190 266 1243 mitur
307 1208 368 1244 ex
412 1210 521 1246 can.
568 1192 673 1244 Nos
715 1190 757 1243 si
797 1189 1193 1260 incompetenter
1235 1206 1371 1244 caus,
1420 1191 1452 1241 2
1496 1207 1546 1261 q.
1586 1192 1612 1240 7
1661 1207 1703 1244 6.
1736 1190 1830 1256 41,

112 1303 212 1356 quo
255 1283 357 1341 Leo
401 1284 475 1340 IV
517 1284 776 1342 Ludovico
821 1284 1120 1359 Imperatori
1164 1285 1235 1339 sic
1280 1283 1480 1338 scribit:
1526 1284 1630 1335 Nos
1665 1283 1707 1335 si
1750 1283 1830 1336 in-

111 1391 446 1450 competenter
488 1380 694 1451 aliqnid
737 1380 951 1451 eyimuS,
996 1390 1042 1432 et
1085 1377 1300 1431 subditis
1336 1376 1510 1450 justae
1552 1377 1676 1447 quis
1726 1388 1832 1431 tra-

111 1471 285 1526 mitem
336 1491 439 1527 non
500 1474 928 1539 conservavimiw,
990 1482 1175 1539 vestm,
1219 1489 1277 1524 oc
1320 1470 1589 1526 missorum
1648 1482 1832 1526 cestro-

108 1583 227 1620 rum
267 1567 499 1622 volumus
542 1569 809 1622 emendari
845 1567 1073 1642 judicio,

190 1659 379 1718 Verum
424 1663 559 1736 quod
602 1662 666 1717 ad
711 1664 931 1737 primum
974 1663 1168 1730 attinet,
1230 1659 1473 1735 Princeps
1536 1661 1830 1730 saeculam,

109 1758 153 1812 si
196 1771 359 1814 custos
404 1771 478 1814 est
519 1769 565 1813 et
607 1770 841 1813 executor
884 1776 1151 1826 canonum9
1196 1758 1400 1812 omnino
1445 1756 1591 1811 debet
1633 1776 1831 1812 eorum-

112 1851 226 1907 dem
268 1872 516 1908 canonum
562 1852 759 1924 regulas
803 1853 965 1925 sequi,
1010 1871 1196 1925 suaque
1241 1853 1535 1907 auctoritate
1595 1853 1741 1920 tueri,
1785 1863 1832 1905 et

109 1959 368 2021 propterea
411 1947 618 2018 quando
661 1946 814 2001 etiam
858 1946 1066 2019 judices
1117 1945 1438 2000 ecclesiastici
1498 1945 1556 1999 in
1616 1961 1831 1999 canones

102 2052 395 2112 peccarent,
457 2060 571 2095 cum
631 2040 731 2114 ipsi
791 2058 1005 2094 canones
1063 2040 1447 2106 mandaverint,
1500 2040 1832 2112 Superiorem

108 2151 205 2189 esse
249 2135 548 2190 adeundum
591 2135 680 2205 qui
725 2134 896 2188 illotas
954 2134 1188 2207 injurias
1247 2133 1495 2205 corriqczc)
1539 2134 1582 2187 si
1625 2134 1834 2188 Princi-

102 2246 192 2302 pes
232 2230 390 2284 velint
434 2247 531 2284 esse
575 2247 827 2283 cononum
889 2230 1115 2283 custodes
1160 2239 1204 2283 et
1264 2240 1582 2296 executores>
1627 2230 1683 2282 in
1741 2228 1832 2282 hoc

108 2325 398 2380 incumbere
443 2326 645 2393 debent)
689 2336 746 2378 ut
788 2325 878 2397 qui
921 2325 983 2379 de
1026 2324 1361 2398 inferioribus
1397 2324 1669 2399 jndicibus
1704 2325 1831 2398 jure

106 2431 416 2491 queruntur,
461 2420 531 2474 ad
590 2420 876 2491 superiores
936 2420 1191 2475 Ecclesiae
1244 2419 1452 2494 judices
1497 2420 1830 2492 confugiant:

105 2514 240 2587 quod
302 2515 558 2589 praeclare
618 2514 808 2569 dictum
868 2526 1012 2570 esta
1055 2512 1338 2586 Roncaglia
1391 2517 1443 2569 in
1504 2515 1705 2571 dissert.
1757 2517 1821 2568 21

104 2606 227 2665 Nat.
272 2607 551 2664 Alexandri
594 2607 728 2665 Hist.
775 2607 913 2664 Eccl.
960 2628 1091 2666 saec.
1138 2607 1211 2663 IV
1252 2603 1296 2679 ὃ.
1346 2612 1397 2664 ΕΞ.

184 2702 265 2757 Ex
306 2703 488 2777 quibus
533 2705 583 2758 in
627 2715 861 2778 promptu
903 2705 1164 2778 responsio
1208 2716 1280 2759 est
1323 2703 1388 2758 ad
1433 2703 1706 2759 secundum
1749 2724 1830 2759 ar-

104 2809 431 2868 gumentum3
475 2797 726 2871 siquidem
770 2798 856 2872 qui
899 2800 1001 2853 vim
1045 2817 1221 2872 passus
1266 2810 1375 2868 est,
1418 2800 1599 2872 poterit
1644 2819 1671 2853 a
1716 2818 1825 2853 sen-

105 2892 258 2946 tentia
316 2891 500 2961 judicis
563 2891 819 2949 inferioris
872 2892 937 2948 ad
982 2895 1291 2968 superiorem
1331 2892 1552 2963 judicem
1595 2892 1829 2948 ecclesia-
