2114 3289
472 166 474 169 .
503 113 546 189 3.
576 135 644 173 ιν.
676 136 736 171 DE
767 136 1052 173 roras‘rA‘rE
1081 135 1476 174 JURISDIGTIONIS
1702 123 1768 174 19

120 239 226 286 dam
264 245 506 296 utramque
541 243 823 296 potestatem
860 238 1043 284 ordinis
1080 245 1125 284 et
1160 236 1540 296 jurisdictionis,
1578 238 1627 283 in
1664 240 1859 298 antiqua

121 320 361 367 Ecclesiae
397 318 651 376 disciplina
688 318 832 364 solam
870 319 1216 366 ordinationem
1255 319 1369 365 satis
1404 317 1570 374 fuisse,
1611 325 1658 365 et
1691 332 1860 366 recen-

121 400 233 446 tiori
282 405 465 444 tantum
514 410 630 444 aevo
680 399 913 456 duplicem
963 406 1009 445 et
1056 399 1334 446 distinctum
1381 399 1569 446 modum
1613 400 1858 458 utriusque

118 479 368 538 potestatis
403 477 716 526 conferendae
754 479 1016 525 adhibitum
1056 492 1181 536 esse,
1219 487 1271 526 ut
1305 481 1527 527 nimirum
1561 487 1749 540 praeter
1782 493 1861 526 or-

118 559 412 605 dinationem
456 559 712 618 singularis
759 561 899 606 etiam
945 572 1137 615 nussm,
1174 573 1254 607 seu
1293 561 1554 620 assignatio
1591 561 1749 620 gregis
1782 574 1860 607 re—

120 639 401 697 quireretur.
439 639 568 693 Quae
602 640 790 697 quidem
827 640 1008 697 opinio,
1047 641 1087 685 si
1124 654 1177 686 eo
1217 653 1355 686 sensu
1393 641 1674 699 explicetur,
1700 648 1750 687 ut
1785 641 1858 687 vi-

121 720 295 768 delicet
329 722 475 766 veteri
514 721 754 768 Ecclesiae
790 734 916 768 more
955 727 1001 768 et
1036 722 1256 768 instituto
1279 721 1860 781 potestasjurisdictionis

121 801 171 846 in
219 807 394 847 certam
443 801 625 860 plebem
670 802 807 848 simul
843 801 939 849 fere
975 815 1081 849 cum
1118 803 1416 850 ordinatione
1452 804 1745 859 traderetur,
1780 818 1858 851 re-

119 882 391 941 darguenda
440 894 535 928 non
585 883 690 928 erit.
743 882 833 929 Sed
883 882 1124 930 fatendum
1177 885 1282 930 est‘
1332 884 1449 930 duos
1495 896 1679 943 semper
1712 884 1857 933 fuisse

118 962 370 1009 distinctos
405 970 538 1009 actus
572 976 977 1020 cumuniolam,
1019 971 1065 1011 et
1099 978 1399 1020 mssmmzm,
1436 972 1669 1023 quatenus
1702 967 1743 1013 is
1778 979 1858 1013 or-

117 1044 387 1100 dinabatur,
410 1046 491 1103 qui
522 1046 778 1092 secundum
814 1058 1020 1093 canones
1054 1047 1112 1093 ad
1149 1047 1354 1106 aliquam
1390 1047 1650 1095 Ecclesiam
1684 1061 1857 1108 regen-

117 1126 223 1171 dam
259 1126 437 1173 electus
473 1125 642 1172 fuerat.
682 1127 781 1180 Qua
818 1127 874 1173 de
912 1141 960 1174 re
997 1127 1223 1174 habemus
1257 1129 1590 1187 gravissimum
1623 1126 1857 1187 judicium

119 1206 424 1253 Tridentinae
460 1206 661 1265 Synodi,
697 1218 817 1265 quae
854 1208 911 1253 ad
946 1208 1185 1267 legitimos
1214 1209 1454 1257 Ecclesiae
1475 1210 1718 1257 Ministros
1740 1224 1857 1257 con-

119 1287 382 1334 stituendos
431 1287 810 1342 ordinationem,
861 1294 908 1333 et
955 1289 1228 1334 missionem
1278 1290 1594 1336 necessariam
1642 1290 1858 1337 definivit

118 1381 224 1416 can.
263 1370 288 1415 7
327 1382 439 1416 5655.
476 1369 567 1416 23;
606 1368 662 1416 Si
694 1369 800 1431 qais
833 1367 1019 1416 dimerit
1054 1384 1149 1429 eos,
1186 1370 1269 1434 qui
1302 1385 1383 1419 nec
1418 1371 1476 1418 ab
1517 1371 1855 1433 ecclesiastica,

115 1455 160 1497 et
204 1448 433 1497 canonica
472 1454 702 1512 potestate
735 1449 829 1497 rite
863 1460 1129 1508 ῡΒῡιΝΑτι,
1165 1466 1248 1499 nec
1283 1466 1411 1501 mrsm
1447 1460 1557 1500 sant
1572 1489 1591 1513 ,
1626 1452 1856 1516 leyitimos

114 1544 208 1578 6556
248 1529 415 1589 Verbi,
453 1536 496 1579 et
528 1530 941 1579 Sacramentoram
975 1531 1226 1580 Ministros
1241 1570 1259 1594 ,
1296 1533 1547 1582 anathema
1593 1535 1673 1583 sit.
1724 1537 1854 1585 Hanc

114 1619 270 1660 autem
304 1613 570 1672 legitimam
605 1614 878 1661 missionem
912 1615 1092 1673 requiri
1128 1616 1272 1662 etiam
1307 1617 1356 1662 in
1391 1615 1492 1664 foro
1528 1618 1736 1675 interne,
1772 1631 1854 1665 seu

115 1693 467 1752 poenitentiali,
491 1693 615 1742 ide'm
650 1694 914 1743 Concilium
949 1696 1212 1743 declaravit
1246 1709 1348 1757 cap.
1385 1698 1415 1744 6
1453 1711 1566 1745 sess.
1606 1698 1689 1744 14:
1727 1698 1856 1754 Quo-

113 1772 247 1820 niam
281 1772 432 1834 ἐρίων
465 1780 642 1821 natura
677 1780 720 1822 et
754 1774 882 1822 ratio
909 1774 1091 1838 judicii
1123 1775 1247 1824 illud
1279 1777 1510 1840 emposcz‘t,
1535 1786 1587 1825 at
1620 1779 1854 1827 sententia

114 1853 169 1901 in
217 1853 425 1902 sabditos
467 1853 722 1904 dumtaxat
754 1855 972 1918 feratur,
1008 1872 1294 1907 PERSUASUM
1331 1874 1521 1907 SEMPER
1555 1859 1609 1906 in
1643 1859 1853 1908 Ecclesia

112 1934 202 1982 Dei
236 1933 366 1996 fuit,
403 1943 447 1984 et
481 1937 778 1984 verissimum
813 1953 906 1986 6556
940 1937 1156 2000 Synodus
1192 1939 1301 1987 haec
1343 1940 1621 2003 confirmat,
1669 1941 1850 1988 nullius

112 2016 334 2063 momenti
368 2016 704 2066 absolutionem
738 2034 838 2066 eam
873 2034 966 2067 6556
1000 2019 1191 2078 debere,
1229 2036 1366 2082 quam
1402 2021 1625 2069 Sacerdos
1661 2022 1714 2068 in
1748 2038 1849 2069 eum

105 2096 322 2158 profert,
358 2097 412 2145 in
446 2114 578 2161 quem
611 2098 942 2159 ordinariam,
980 2108 1064 2149 aut
1099 2101 1438 2164 subdeleqatam
1473 2119 1568 2151 non
1604 2102 1735 2150 habet
1761 2103 1851 2165 ja·-

113 2175 451 2228 risdt'ctt'onem.

687 2319 696 2339 '
899 2317 942 2394 §.
1007 2328 1056 2380 5.

413 2458 486 2502 DE
526 2458 859 2507 rorEsrATE
899 2461 1096 2508 LEGUM
1132 2462 1532 2510 FERENDARUM

196 2602 352 2659 Plura
406 2618 519 2661 sunt
562 2620 894 2679 argumenta,
937 2610 1120 2684 quibus
1165 2613 1479 2686 apertissime
1524 2610 1843 2667 demonstra-

119 2707 224 2767 tur,
288 2718 394 2755 esse
455 2701 507 2755 in
565 2699 792 2759 Ecclesia
856 2705 1234 2762 condendarum
1296 2706 1461 2776 legum
1523 2717 1837 2778 potestatem.

118 2786 348 2848 Primum
393 2809 740 2866 argumentum
784 2798 984 2854 ducitur
1025 2819 1087 2854 cx
1129 2801 1237 2869 jure
1271 2799 1494 2870 Ζέςμιηάί,
1522 2812 1567 2854 et
1594 2800 1840 2870 solvendi,

121 2884 255 2954 quod
300 2884 531 2945 Christus
578 2888 830 2964 Apostolis
877 2894 1051 2950 tribuit
1096 2894 1196 2950 illis
1244 2894 1435 2948 verbis:
1482 2897 1839 2967 (natorumque
