2114 3289
373 152 450 203 64
624 170 738 207 GAP.
785 170 837 206 11.
885 170 946 205 DE
992 170 1237 208 FONTIBUS
1278 171 1417 208 JURIS
1463 171 1705 208 GANONICI

290 273 543 345 siquidem
564 272 765 344 Religio
788 276 1069 329 maximum
1095 288 1168 331 est
1186 277 1619 350 propugnaculum
1647 289 1693 331 et
1714 277 2025 350 praesidium

289 365 638 441 Reipublicae.
684 366 769 423 Sic
797 369 951 422 etiam
979 366 1395 439 ConstitutioneS,
1441 390 1568 443 quae
1596 371 1660 426 ad
1699 371 2024 444 disciplinam

290 464 557 536 pertinent,
602 482 691 536 pro
734 461 933 516 salubri
970 463 1218 533 reyimine
1260 463 1540 531 Ecclesiae,
1585 477 1636 520 ut
1679 467 1750 520 ait
1791 464 2024 538 Zypaeus

293 558 344 611 in
387 555 597 626 Analys.
641 554 751 612 Jur.
797 554 989 613 Pontif.
1019 558 1110 614 lib.
1160 560 1184 611 1
1237 559 1312 614 tit.
1366 558 1428 612 de
1472 556 1764 629 Constitut.,
1801 558 2025 614 ‘incitaris

293 663 340 706 et
381 652 607 724 repetitis
650 651 1109 707 deliberationibus
1153 653 1222 708 ud
1265 653 1513 708 tollendos
1541 654 1727 709 abusus
1763 673 1879 710 cum
1913 674 2025 710 ma-

292 764 391 817 9²²0
434 746 611 799 decore
653 747 836 801 domus
871 748 993 815 Dei,
1037 748 1348 801 incremento
1367 748 1591 820 politiae
1618 748 2017 817 ecclesiasticae,

293 853 338 895 et
363 853 653 913 auqmento.
673 842 921 915 justitiae
955 844 1238 899 saecularis
1258 844 1694 916 promulgaretur,-
1723 857 1770 900 et
1794 844 2022 901 Ecclesia

293 937 420 991 nihil
472 937 622 991 habet
692 940 972 1011 antiquius,
1034 958 1186 1012 quam
1248 950 1299 993 ut
1358 940 1472 1010 jura
1533 939 1698 995 civilis
1760 941 2021 1013 potestatis

290 1031 532 1086 inviolata
578 1031 762 1105 ubique
806 1045 1061 1089 maneant.

370 1124 558 1180 Verum
635 1127 762 1181 illud
825 1129 1186 1198 gravissimum
1247 1128 1460 1198 accedit,
1521 1128 1657 1202 quod
1727 1127 2023 1199 hujusmodi

290 1218 488 1275 Placito
533 1222 739 1277 libertas
784 1220 1073 1293 Magisterii
1116 1235 1162 1278 et
1205 1221 1491 1294 Regiminis
1535 1224 1861 1278 ecclesiastici
1889 1223 2023 1278 divi-

290 1317 422 1370 nitus
466 1314 722 1371 Ecclesiae
766 1318 1043 1372 concrediti
1087 1319 1314 1392 apprime
1358 1318 1597 1388 laeditur3
1641 1330 1687 1372 et
1724 1319 1766 1373 si
1794 1316 2021 1373 Ecclesia

291 1409 357 1464 ad
416 1411 612 1480 majora
673 1412 1022 1485 praecavenda
1082 1414 1216 1467 mala
1277 1415 1486 1468 sustinet
1545 1424 1590 1467 et
1652 1413 1861 1482 tolerat,
1923 1431 2022 1468 nou

289 1516 455 1559 tamen
499 1507 745 1561 consentit
790 1526 949 1579 neque
993 1507 1259 1581 approbat.

374 1597 477 1654 Pro
521 1598 716 1655 Placito
759 1604 900 1670 regio
963 1604 1271 1675 scripserunt
1329 1600 1613 1656 Felicianus
1667 1599 1841 1670 Oliva,
1885 1600 2020 1675 apud

293 1690 564 1749 Lusitanos
609 1714 858 1750 canonum
905 1695 1101 1765 doctor,
1147 1697 1208 1750 de
1253 1699 1394 1749 Foro
1444 1697 1582 1752 Eccl.
1619 1715 1677 1769 1).
1728 1699 1752 1750 1
1820 1713 1867 1767 q.
1925 1698 2018 1763 22,

293 1785 591 1843 Franciscus
637 1787 862 1859 Salgado
909 1790 969 1843 (Ie
1021 1790 1415 1863 Supplicatione
1473 1791 1543 1845 cul
1601 1789 2019 1856 Sanctissimum,

292 1883 508 1955 itemque
551 1884 612 1937 <Ie
671 1884 836 1955 Reqia
898 1886 1241 1952 Protectione,
1286 1885 1510 1941 Didacus
1572 1882 1914 1941 Covarruvias
1966 1886 2019 1939 in

293 1990 485 2049 quaest.
529 1980 736 2052 practiC.
782 1998 834 2052 q.
886 1984 978 2049 35,
1022 1982 1108 2053 qui
1152 1992 1318 2035 tamen
1369 2000 1540 2036 omnes
1582 1981 1663 2051 jus
1723 1979 1849 2034 illud
1909 1980 2020 2052 qui-

293 2071 508 2127 busdam
553 2074 779 2128 terminis
823 2085 872 2128 et
933 2074 1098 2130 modis
1158 2077 1679 2149 circumscripserunt.
1734 2071 1835 2129 Sed
1878 2071 2019 2128 Van-

292 2164 539 2240 Espenius
583 2187 780 2223 omnem
836 2169 1043 2224 modum
1093 2182 1140 2225 et
1202 2172 1470 2225 terminum
1530 2170 1783 2239 transivit,
1837 2170 1907 2224 ita
1967 2179 2020 2223 ut

293 2259 542 2317 Zallwein
586 2264 636 2317 in
681 2262 898 2338 princip.
943 2265 1043 2335 jur.
1089 2263 1283 2320 Eccles.
1329 2277 1451 2321 tom.
1519 2266 1543 2317 1
1611 2284 1660 2337 q.
1709 2267 1745 2317 4
1805 2283 1915 2338 cap.
1966 2267 2020 2331 2,

291 2355 495 2413 dixerit:
541 2360 833 2415 Hortamur
894 2360 1202 2426 catholicos,
1263 2369 1320 2412 ut
1379 2359 1512 2412 bunc
1571 2368 1831 2413 auctorem
1873 2368 2017 2412 caute

289 2449 481 2522 leyant,
541 2454 630 2524 qui
696 2471 817 2510 saue
875 2454 1156 2509 eoecessivus
1216 2463 1284 2507 est
1361 2453 1419 2507 in
1495 2453 1788 2507 eoetensione
1857 2451 2016 2525 liujus

290 2545 486 2600 Placiti
529 2547 680 2620 reqii,
725 2561 769 2603 et
805 2548 932 2623 jure
973 2550 1163 2622 optimo
1189 2548 1294 2603 illis
1321 2548 1650 2622 scriptoribus
1677 2547 2017 2603 annumerari

289 2653 536 2709 meretur,
564 2644 653 2713 qui
677 2661 874 2698 muscas
900 2655 1128 2717 captant,
1157 2645 1218 2699 de
1244 2645 1428 2698 umbra
1464 2642 1749 2715 disputant,
1776 2641 2013 2696 interesse

280 2735 553 2806 politicum
598 2739 752 2793 etiam
794 2739 1170 2811 imaqinariuvu
1213 2749 1330 2794 ante
1388 2738 1556 2791 oculos
1615 2737 1821 2803 liabentj
1865 2747 2015 2807 atque

288 2828 381 2882 hac
445 2833 644 2888 ratione
697 2845 997 2906 potestatem
1057 2832 1442 2888 ecclesiasticam
1500 2832 1655 2904 ferme
1714 2832 1783 2885 ad
1824 2831 2009 2885 incitas

288 2925 554 2998 rectiqunt:
600 2949 623 2984 e
666 2941 845 2984 contra
880 2928 1150 3004 politicam
1175 2928 1316 2984 ultra
1359 2945 1472 2982 suos
1493 2927 1620 3000 fines
1647 2945 1801 2999 quam
1825 2927 2013 2999 longis-

288 3021 411 3077 sime
455 3024 758 3081 extendunt.
