2114 3289
443 113 488 190 ὃ.
515 136 624 175 xw.
653 135 712 173 ΒΕ
739 134 878 173 NEXU
907 135 1154 172 Pmm'ros
1179 135 1280 173 cum
1308 136 1356 171 n.
1385 134 1507 172 sssoss
1696 119 1761 170 61

123 240 358 288 sententIa
406 245 566 284 nostra
617 237 786 284 mirum
834 237 884 282 in
934 237 1121 283 modum
1168 238 1485 284 confirmatur.
1536 235 1656 282 Sunt
1705 243 1861 282 autem

122 319 420 380 hujusmodi:
481 316 553 363 1.Ο
601 318 728 364 Huic
775 316 885 365 Sedi
931 333 1027 364 non
1075 317 1266 380 aliquod
1307 316 1597 373 Concilium,
1643 331 1738 361 non
1773 316 1864 361 alii

124 402 349 458 homines,
376 397 454 447 sed
489 398 614 445 solus
649 401 838 455 Petrus,
871 404 914 457 et
948 397 1131 460 quidem
1165 398 1208 445 si
1244 414 1336 444 non
1371 396 1564 460 speciali
1599 405 1863 459 praecepto,

120 482 282 529 saltem
324 481 558 527 instinctu
601 479 763 526 divino
800 479 1068 526 Primatum
1104 478 1354 526 adneoeuit.
1391 480 1470 524 2.0
1503 477 1639 526 Sedes
1673 479 1869 524 Prima-

121 570 195 610 tus
239 569 306 608 tot
348 562 474 607 inter
505 560 735 622 procellas
771 560 1058 607 mirabiliter
1093 568 1365 606 conseri-ata
1399 559 1527 620 suit,
1564 566 1616 606 ut
1651 574 1732 606 nec
1768 561 1868 605 Pa-

116 643 231 705 yani
266 657 348 689 nec
382 641 608 688 haeretici
642 649 806 688 contra
841 657 941 689 eam
970 640 1244 703 praevalere
1278 641 1542 702 potuerint,
1580 639 1688 686 dum
1713 655 1733 686 e
1757 655 1870 686 con-

118 733 195 772 tra
230 739 385 770 omnes
422 723 545 770 aliae
582 722 814 770 Ecclesiae
848 722 1154 785 apostolicae,
1186 729 1228 769 et
1261 721 1398 769 Sedes
1434 721 1786 768 Patriarchales
1811 721 1868 767 ab

119 806 386 853 haeresibus
435 811 477 851 et
528 803 807 868 infidelitate
854 804 1096 865 absorptas
1143 818 1235 851 esse
1277 803 1501 849 videmus.
1541 803 1619 848 3.0
1656 805 1868 849 Romana

119 887 326 934 Ecclesia
373 886 502 933 ultra
551 885 677 933 mille
726 886 1039 947 septinqeutos
1086 900 1235 931 annos
1284 885 1337 930 in
1381 885 1539 946 quieta
1580 884 1868 946 possessione

119 969 362 1016 Primatus
397 968 514 1029 fuit,
552 974 594 1014 et
617 967 838 1029 aprimis
875 982 1016 1029 usque
1052 966 1336 1027 temporibus
1370 966 1552 1012 nullum
1589 966 1868 1021 Concilium,

119 1050 279 1098 nullus
314 1052 363 1097 S.
405 1052 567 1107 Pater,
605 1049 762 1096 nullus
798 1050 1060 1110 Imperator
1093 1048 1165 1096 vel
1200 1048 1445 1109 ch-itavit,
1481 1046 1551 1094 vel
1586 1046 1720 1093 diacit
1755 1047 1872 1093 Pri-

119 1140 296 1178 matum.
333 1131 454 1178 hunc
488 1147 517 1177 a
552 1134 763 1177 Romana
797 1130 909 1178 Sede
946 1129 1007 1176 ad
1041 1130 1187 1176 aliam
1233 1128 1491 1190 transferri
1537 1144 1698 1190 posse,
1749 1126 1870 1189 quod

117 1214 360 1260 silentium
408 1219 451 1260 et
495 1212 724 1274 possessio
771 1212 1064 1259 contrariam
1112 1212 1393 1257 sententiam.
1436 1209 1488 1256 de
1524 1209 1871 1270 auferibilitate

117 1295 305 1356 faciunt
353 1294 546 1339 omnino
594 1292 916 1340 incredibilem
966 1299 1008 1338 et
1059 1292 1376 1338 temerariam.
1422 1290 1500 1335 40
1536 1292 1591 1336 In
1628 1290 1742 1336 aliis
1779 1289 1870 1336 Ec-

117 1376 294 1434 clesiis,
332 1373 394 1421 ad
428 1389 544 1436 quas
577 1373 699 1436 forte
735 1372 1080 1434 transferretur
1116 1372 1381 1430 Primatus,
1418 1370 1629 1435 deficeret
1673 1372 1871 1432 Aposto-

116 1457 293 1512 licitas‚
318 1455 457 1513 idest,
483 1471 577 1502 non
608 1454 731 1517 foret
766 1453 1056 1516 Apostolica,
1082 1461 1180 1499 tum
1215 1454 1327 1515 quia
1362 1454 1419 1500 ab
1456 1452 1690 1515 Apostolis
1727 1467 1870 1514 neque

116 1536 353 1599 fundata,
403 1552 545 1599 neque
580 1553 609 1584 a
654 1538 793 1583 Petro
840 1534 1106 1582 immediate
1153 1534 1413 1596 =qubernata
1462 1534 1664 1596 fuisset,
1714 1533 1869 1596 sicque

120 1619 423 1681 reqrediendo
445 1636 474 1666 a
518 1618 700 1666 saeculo
729 1617 791 1665 ad
825 1618 1087 1676 saeculum,
1124 1633 1267 1680 usque
1302 1616 1364 1664 ad
1399 1619 1592 1664 Petrum
1622 1617 1868 1679 perveniri

118 1718 214 1749 non
248 1709 420 1763 posset,
457 1701 510 1748 in
545 1716 633 1763 quo
669 1707 826 1747 tamen
857 1701 1164 1761 praecipuum
1201 1706 1524 1759 aryumentum
1560 1706 1724 1745 contra
1759 1697 1873 1745 hae-

118 1783 288 1830 reticos
327 1788 585 1844 posuerunt
626 1782 711 1829 SS.
750 1783 917 1828 Patres
953 1782 1195 1838 Irenaeus,
1231 1779 1518 1841 Cyprianus,
1555 1778 1866 1839 Auqusstnus,

119 1863 425 1912 traditionem
468 1862 759 1925 Apostolicae
795 1861 1037 1908 doctrinae
1065 1876 1152 1923 per
1188 1861 1462 1908 continuam
1496 1860 1663 1907 seriem
1697 1863 1871 1906 Roma-

119 1961 287 1993 norum
335 1945 620 2009 Pontificum
668 1943 1069 1999 demonstrantes,
1113 1942 1225 1989 dum
1257 1942 1381 1989 aliae
1417 1940 1650 1989 Ecclesiae
1685 1941 1755 1989 vel
1788 1942 1871 1988 in-

119 2034 313 2084 certam,
346 2026 415 2074 vel
449 2026 613 2073 saltem
648 2041 743 2072 non
777 2025 1080 2086 apostolicam
1115 2023 1343 2071 habebant
1378 2023 1624 2084 oriqinem.
1663 2022 1741 2070 5.⁰
1778 2025 1870 2069 Per

120 2108 258 2155 talem
303 2107 662 2154 translationem
692 2107 873 2169 periret
908 2106 1012 2167 ipsa
1048 2104 1247 2152 traditio
1285 2107 1515 2163 Patrum,
1552 2104 1634 2166 qui
1667 2103 1866 2162 dicunt,

121 2189 225 2235 ideo
276 2189 542 2235 Primatum
588 2189 641 2234 in,
690 2191 901 2235 Romana
950 2186 1157 2234 Ecclesia
1202 2186 1423 2244 haerere,
1459 2187 1572 2248 quia
1607 2185 1716 2233 haec
1750 2202 1780 2231 a
1813 2187 1863 2233 S.

124 2273 262 2317 Petro
297 2269 520 2331 fundata,
554 2276 595 2316 et
630 2284 772 2332 usque
807 2267 869 2314 ad
903 2275 1096 2315 mortem
1131 2283 1263 2315 suam
1295 2268 1553 2329 yubernata
1590 2267 1707 2329 fuit,
1731 2274 1868 2329 atque

123 2353 179 2398 ab
214 2350 368 2398 eodem
401 2351 660 2413 depositum
694 2350 935 2398 doctrinae
973 2357 1127 2409 tenet,
1163 2357 1299 2412 atque
1343 2348 1562 2397 custodit.
1614 2349 1691 2396 G.0
1739 2348 1867 2395 Talis

123 2433 376 2480 translatio
423 2433 545 2495 foret
593 2448 736 2481 causa
783 2432 1118 2492 schismatum,
1168 2439 1211 2480 et
1256 2431 1400 2493 fomes
1435 2431 1593 2478 litium
1628 2445 1868 2492 nunquam

122 2516 454 2579 finiendarum.
