2114 3289
349 135 422 185 74
596 150 712 188 GAP.
760 150 811 186 11.
860 149 921 185 DE
966 149 1210 187 FONTIBUS
1254 149 1392 187 JURIS
1435 148 1679 188 GANONIGI

259 257 446 311 tionem
466 278 488 327 ,-
532 269 578 312 et
620 255 878 312 Honorius
925 252 1002 308 ΙΙΙ
1045 256 1096 310 111
1141 275 1252 329 cap.
1297 255 1386 308 Eoe
1421 266 1572 328 parte
1615 254 1677 311 de
1729 252 1989 330 Cappellis

259 350 500 407 Monach.
548 350 851 424 apostolicas
914 349 1104 404 litteras
1167 367 1266 403 non
1327 361 1462 404 ratas
1523 351 1702 405 habuit
1763 350 1828 405 ob
1871 369 1982 405 eam

260 465 499 514 causam,
559 443 694 517 quod
754 443 1018 497 obviarent
1076 441 1410 497 Lateranensi
1464 444 1728 511 ConciliO,
1774 444 1839 497 de
1882 461 1982 514 quo

260 541 408 594 nialla
468 550 583 592 esset
643 537 829 591 ‘mentio
887 536 943 590 'in
1000 537 1181 591 litteris
1242 536 1546 606 antedictis,
1603 549 1706 593 tum
1758 540 1980 612 primum

261 635 601 689 controversia
645 645 755 687 orta
798 644 903 701 est,
948 651 1099 704 quam
1144 651 1296 705 supra
1340 632 1712 705 proposuimus,
1759 631 1824 686 At
1870 650 1985 686 vero

259 740 420 783 textus
466 726 742 781 Innocentii
787 726 883 795 lII,
910 739 956 781 et
1000 725 1216 781 Honorii
1262 723 1338 779 III
1384 725 1509 780 adeo
1554 728 1805 800 perspicui
1849 737 1983 794 sunt,

259 836 311 877 ut
370 824 663 895 interpretes
727 823 1064 876 accuratiores
1109 821 1431 889 existiment,
1475 819 1854 890 derogationem
1897 839 1983 874 ex-

259 936 484 990 pressam
529 928 574 970 et
617 916 884 990 specialem
930 915 1248 983 desiderari,
1309 914 1395 969 11111
1458 916 1698 988 rescripta
1756 934 1783 968 a
1836 933 1984 986 genc-

260 1013 380 1066 ralis
443 1008 661 1066 Concilii
720 1011 918 1065 decreto
962 1010 1144 1077 *aliena
1202 1011 1335 1064 sint:
1391 1010 1567 1063 ceteris
1612 1021 1777 1063 autem
1822 1007 1987 1064 Cano-

258 1106 404 1160 nibus
448 1118 495 1160 et
537 1104 994 1160 Constitutionibus
1040 1102 1366 1159 Summorum
1411 1100 1717 1157 Pontificum
1782 1121 1983 1158 necesse

258 1220 354 1255 non
399 1221 525 1269 esse,
571 1213 621 1254 ut
664 1200 926 1273 speciatim
970 1198 1256 1268 derogetur,
1301 1197 1388 1251 sed
1431 1197 1715 1267 generalem
1767 1197 1980 1268 deroga-

262 1298 447 1350 tionem
492 1296 613 1349 53115
658 1294 864 1362 haberi,
910 1293 1162 1366 siquidem
1206 1292 1329 1346 dicti
1374 1303 1534 1346 textus
1580 1291 1640 1345 de
1685 1293 1806 1346 solis
1853 1290 1986 1346 Con-

260 1391 390 1444 ciliis
435 1390 586 1444 verba
631 1390 843 1443 faciunt:
889 1386 1211 1461 excipiendas
1255 1399 1421 1440 tamen
1463 1405 1570 1440 esse
1615 1388 1813 1457 regulas
1851 1383 1983 1441 Can-

260 1485 520 1553 cellariae,
564 1484 746 1557 quibus
789 1502 851 1537 ex
896 1483 1066 1553 regula
1116 1483 1179 1534 71
1231 1499 1486 1553 nunquam
1531 1481 1831 1551 derogatum
1876 1500 1989 1535 cen-

259 1591 393 1633 setur
453 1599 541 1652 per
589 1596 931 1651 quaecumque
984 1576 1134 1629 verba
1176 1587 1222 1629 et
1265 1575 1463 1629 decreta
1510 1574 1872 1645 derogatoria,
1915 1576 1984 1629 ir-

261 1676 484 1742 ritantia,
531 1672 856 1739 universalia,
901 1683 947 1724 et
989 1670 1324 1743 amplissima,
1370 1671 1467 1724 nisi
1518 1671 1744 1743 ipsarum
1797 1671 1981 1725 mentio

259 1769 461 1822 disertis
509 1768 681 1822 verbis'
720 1766 981 1820 habeatur.

338 1861 525 1916 Verum
587 1862 786 1916 decreta
850 1857 1067 1913 Concilii
1121 1858 1410 1914 Tridentini
1454 1859 1722 1933 specialem
1767 1858 1981 1929 deroga-

259 1960 444 2011 tionem
507 1976 604 2011 non
665 1955 956 2029 postulant,
1009 1973 1119 2008 cum
1173 1955 1306 2007 6111111
1350 1952 1636 2009 Concilium
1680 1955 1884 2027 ipsum,
1932 1964 1983 2007 ut

258 2053 421 2124 inquit
481 2050 781 2105 Benedictus
835 2048 962 2103 XIV
1005 2049 1066 2103 de
1119 2047 1242 2119 Syn.
1288 2048 1516 2104 Dioeces.
1562 2047 1652 2103 1111.
1697 2045 1827 2102 XIII
1872 2066 1982 2120 cap.

261 2150 333 2200 24
378 2164 514 2201 1111111.
564 2148 657 2213 23,
699 2143 963 2215 perspicue
1006 2142 1366 2211 declaraverit,
1409 2160 1524 2198 sess.
1574 2145 1645 2196 25
1701 2160 1814 2214 cap.
1852 2142 1984 2215 fiiu,

258 2239 434 2293 omnia
494 2249 539 2293 et
592 2238 797 2309 siuqula
840 2239 930 2292 sub
972 2238 1369 2309 quibuscumque
1412 2236 1656 2291 clausulis
1699 2246 1744 2289 et
1785 2236 1974 2306 verbiS,

254 2352 383 2406 quae
415 2334 476 2388 de
507 2351 709 2387 morum
754 2332 1121 2405 reformatione
1155 2343 1307 2403 atque
1343 2330 1682 2385 ecclesiastica
1711 2330 1987 2403 disciplina

252 2430 308 2482 in
352 2449 408 2483 eo
451 2438 643 2497 statuta
682 2427 915 2500 suerunt,
940 2426 1016 2480 ‘ita
1057 2437 1254 2480 statuta
1296 2436 1342 2481 et
1385 2427 1588 2480 decreta
1629 2424 1848 2496 intelliqi
1889 2425 1978 2479 cle-

252 2526 386 2595 bere,
413 2534 466 2577 ut
503 2523 554 2576 iu
601 2522 675 2575 lu's
718 2523 859 2576 salva
902 2539 1094 2594 semper
1137 2520 1419 2575 auctoritas
1464 2520 1611 2577 Sedis
1657 2519 1982 2592 Apostolicae

255 2632 296 2673 et
341 2619 402 2672 sit
448 2630 491 2673 et
537 2637 638 2672 esse
678 2616 1044 2687 intelligatur,-
1088 2616 1178 2668 hoc
1229 2616 1352 2670 satis
1407 2626 1474 2669 est
1540 2625 1592 2668 ut
1652 2624 1976 2668 removeatur

255 2715 517 2768 necessitas
560 2730 830 2784 eoepressae
875 2710 1251 2782 cleroyationis,
1289 2710 1609 2782 proindeque
1653 2708 1867 2781 sufficiat
1910 2708 1982 2762 ad

254 2813 364 2879 hoc,
392 2821 447 2862 ut
491 2810 797 2878 cleroqatum.
840 2818 1104 2860 censeatur
1147 2805 1404 2878 oppositae
1446 2803 1714 2858 conciliari
1755 2803 1973 2858 sanctio-

386 2905 428 2955 ,εἰ
476 2903 717 2977 Pontifeoe
761 2902 960 2973 aliquid
1003 2900 1098 2973 ipsi
1140 2899 1461 2955 contrarium
1501 2897 1808 2967 indulserit,
1871 2910 1965 2952 aut

253 2906 342 2975 ui,
