2114 3289
627 109 672 185 S.
719 133 804 170 Lx.
851 134 912 170 DE
955 136 1077 172 mni:
1123 134 1399 172 novlssnno
1679 118 1783 170 141

145 255 174 290 a
219 254 346 291 novo
396 234 643 291 Pontifice
704 235 1078 316 confirmentur.
1122 236 1196 292 De
1248 238 1328 292 his
1390 237 1653 310 praecipue
1704 255 1868 291 sermo

149 341 223 384 est
262 330 314 384 in
356 340 569 384 tractatu
613 328 676 384 de
718 329 1009 402 Beneficiis,

225 421 306 477 Ad
362 423 688 477 Concordata
747 423 881 495 quod
943 425 1138 493 attinet,
1198 422 1491 498 Apostolica
1541 421 1698 479 Sedes
1759 442 1871 478 cum

146 518 316 574 multis
392 516 700 575 Nationibus
761 531 808 573 et
857 518 1049 590 Regnis
1126 517 1445 575 Concordata
1522 519 1584 575 de
1654 520 1867 590 negotiis

147 609 519 667 Ecclesiasticis
563 613 727 669 inivit.
773 645 796 655 -
838 611 967 668 Cum
1011 611 1273 669 Romanus
1316 611 1591 683 Pontifex,
1636 625 1687 668 ut
1729 632 1874 688 prae-

143 705 278 760 clare
320 707 524 778 scripsit
564 704 875 777 Augustinus
919 705 993 762 De
1036 705 1380 777 Roschovany
1408 708 1459 762 in
1500 727 1589 763 suo
1632 708 1764 763 libro
1808 707 1870 761 de

141 797 371 855 Primatu
398 798 619 857 Romani
663 799 928 857 Pontificis
971 796 1016 873 ยง-
1065 805 1159 871 84,
1191 803 1240 857 vi
1275 799 1533 857 Primatus
1578 820 1866 876 supremam

141 895 366 948 omnium
411 893 752 950 Ecclesiarum
797 895 1189 951 sollicitudinem
1231 907 1392 966 gerat,
1437 896 1501 951 ad
1546 909 1867 966 augmentum

140 987 260 1043 boni
321 986 604 1059 Religionis
648 1001 696 1044 et
737 988 993 1045 Ecclesiae
1046 987 1344 1045 Catholicae
1403 1009 1598 1063 semper
1658 991 1868 1061 vigilare

139 1093 186 1136 et
227 1101 403 1138 curare
446 1082 611 1152 debet,
657 1095 708 1137 ut
750 1100 863 1138 cum
908 1081 1157 1139 Civilibus
1202 1081 1474 1138 Guberniis
1504 1084 1565 1138 de
1599 1085 1865 1139 securitate

140 1188 187 1230 et
230 1177 460 1232 libertate
502 1176 779 1247 Ecclesiae,
832 1177 893 1232 de
950 1178 1302 1247 jurisdictione
1360 1189 1406 1231 et
1468 1177 1758 1251 disciplina,
1804 1178 1865 1233 de

139 1271 420 1343 privilegiis
482 1283 527 1325 et
569 1271 970 1326 immunitatibus
1015 1271 1352 1325 amicabiliter
1394 1283 1590 1340 tractet,
1634 1285 1680 1326 et
1716 1284 1863 1346 pacta

137 1365 270 1418 ineat
310 1365 503 1434 legibus
548 1363 803 1419 Ecclesiae
848 1364 1147 1419 conformia.
1194 1363 1383 1433 Verbo9
1426 1366 1505 1435 jus
1538 1363 1860 1422 Concordata

138 1458 342 1513 ineundi
403 1459 686 1513 arctissime
747 1459 981 1513 cohaeret
1040 1477 1153 1512 cum
1212 1471 1389 1513 natura
1452 1457 1740 1529 Primatus,
1818 1472 1864 1515 et

137 1554 435 1609 universalis
478 1555 802 1627 inspectionis
845 1552 1118 1610 Ecclesiae.
1174 1551 1494 1609 Concordata
1554 1575 1704 1629 porro
1766 1557 1861 1611 hoc

135 1649 286 1701 etiam
330 1649 529 1703 nomine
572 1649 865 1718 gravissimi
908 1660 1021 1703 sunt
1063 1659 1167 1703 tum
1209 1669 1300 1722 pro
1345 1647 1593 1718 Ecclesia,
1638 1661 1741 1704 tum
1773 1670 1866 1725 pro

138 1740 355 1797 Civitate
424 1744 683 1810 momenti,
744 1742 879 1815 quod
941 1743 1061 1797 dum
1122 1762 1210 1817 per
1268 1744 1357 1799 illa
1401 1762 1557 1798 nexus
1611 1746 1867 1817 utriusque

142 1837 406 1906 insigniter
447 1837 648 1906 emicat,
691 1856 716 1891 e
759 1856 811 1891 re
857 1839 1116 1910 utriusque
1159 1839 1347 1911 pariter
1389 1838 1473 1906 sit,
1503 1849 1552 1891 ut
1595 1838 1770 1894 eadem
1815 1841 1867 1894 in

142 1932 243 1986 vim
286 1931 452 2002 legum
513 1930 965 1986 fundamentalium
1019 1944 1357 1987 assumantur.

214 2024 554 2080 Veruntamen
601 2026 834 2079 acerrimi
879 2023 1314 2081 Concordatorum
1360 2026 1527 2082 hostes
1573 2029 1862 2097 extiterunt,

133 2121 218 2192 qui
277 2138 335 2174 ea
388 2120 706 2173 vehementer
764 2120 993 2174 insectati
1045 2131 1157 2174 sunt
1208 2131 1464 2192 tamquam
1509 2121 1730 2176 libertati
1773 2143 1862 2196 po-

135 2214 368 2288 pulorum
411 2211 626 2280 infensa,
670 2224 817 2285 atque
855 2215 1140 2284 excogitata
1184 2213 1249 2269 ad
1285 2212 1636 2271 Romanorum
1683 2214 1860 2272 Ponti-

135 2308 285 2363 ficum
346 2306 647 2380 explendam
692 2306 1018 2380 cupiditatem
1061 2327 1160 2380 qua
1222 2308 1399 2363 ardent
1459 2310 1644 2383 ubique
1707 2323 1863 2365 terra-

133 2421 243 2457 rum
287 2415 333 2456 et
374 2403 596 2472 gentium
640 2401 959 2470 dominandi3
1004 2421 1131 2475 quae
1192 2403 1397 2475 quidem
1455 2422 1517 2458 ex
1579 2422 1761 2474 magno
1816 2416 1862 2459 et

131 2498 540 2571 pervicacissimo
583 2497 634 2550 in
678 2494 861 2551 Sedem
905 2494 1251 2570 Apostolicam
1296 2497 1414 2554 odio
1457 2497 1680 2572 profecta
1724 2517 1853 2568 esse,

128 2592 338 2663 quisque
400 2610 550 2645 sanus
609 2590 861 2660 intelligit.
925 2589 1029 2645 Alii
1073 2603 1238 2646 autem
1285 2589 1297 2661 (
1349 2605 1513 2647 utrum
1578 2611 1726 2661 vero,
1795 2613 1858 2648 an

132 2685 365 2740 simulato
408 2687 459 2739 in
503 2684 785 2739 Ecclesiam
828 2685 1016 2754 studio,
1045 2684 1179 2741 Deus
1224 2688 1351 2753 scit)
1404 2686 1690 2759 improbant
1720 2684 1854 2743 Con-

129 2778 334 2833 cordata
395 2799 600 2852 prorsus
661 2781 862 2848 omnia,
921 2791 1183 2853 propterea
1245 2780 1379 2852 quod
1447 2781 1739 2836 existimant
1804 2783 1854 2836 in

130 2871 460 2928 Concordatis
504 2873 749 2929 faciendis
794 2874 1000 2947 aliquod
1063 2892 1259 2947 semper
1305 2874 1479 2930 vulnus
1522 2874 1853 2931 Hierarchiae
