2114 3289
374 138 487 190 132
598 154 713 191 cAr.
742 154 812 189 ιιι.
848 153 908 188 ΒΕ
939 153 1182 191 εοιιιεοτ.
1216 154 1431 191 sAcnon.
1465 154 1711 190 emortum

1054 251 1099 328 §.
1148 261 1240 313 57.

685 392 758 436 DE
797 392 1199 439 COLLECTIONE
1236 392 1512 438 GREGORII
1549 393 1607 437 IX

356 540 435 595 Ex
484 542 704 614 quinque
755 538 1096 595 Decretalium
1139 539 1556 608 collectioiiibuS‚
1600 539 1814 613 aliisque
1858 539 2002 595 novis

276 633 731 691 Constitutionibus
775 634 1121 689 collectionem
1164 652 1308 690 suam
1351 630 1633 705 Gregorius
1665 631 1743 688 IX
1773 633 2008 703 deduxit,

275 749 426 803 quam
488 731 684 802 vulgari
745 732 947 787 nomine
995 729 1286 786 Decretales
1330 730 1573 801 Greqorii
1614 732 1703 785 IX
1748 749 2005 786 vocamus,

276 823 349 880 Ea
394 826 446 879 in
489 844 542 880 re
585 823 824 881 Pontifex
865 844 984 880 usus
1027 838 1100 880 est
1143 844 1294 899 opera
1338 823 1393 881 S.
1438 823 1742 895 Raymundi
1786 824 1847 878 de
1876 822 2008 879 Pen-

276 919 477 990 nafort‚
510 922 605 976 viri
633 922 817 995 pietate
859 932 905 975 et
949 921 1218 995 multiplici
1253 920 1535 976 eruditione
1564 920 2006 993 praestantissimi.

271 1012 580 1070 Earumdem
610 1016 830 1088 quinque
873 1015 1225 1072 collectionum
1269 1014 1506 1071 ordinem
1552 1012 1889 1084 Raymundus
1933 1033 2009 1069 se-

271 1121 458 1181 quutus
502 1121 611 1179 est,
654 1109 879 1183 adeoque
922 1129 1027 1164 rem
1072 1121 1226 1164 totam
1269 1111 1320 1164 in
1364 1110 1522 1165 libros
1566 1110 1785 1182 quinque
1828 1107 2001 1164 distri-

280 1204 427 1273 buit,
473 1204 786 1277 singulisque
827 1203 976 1259 libris
1018 1204 1221 1259 eosdem
1263 1203 1366 1259 fere
1427 1204 1597 1259 titulos
1657 1203 1887 1274 subjecit.
1949 1201 2008 1257 In

275 1297 596 1354 collocandis
653 1318 768 1353 vero
811 1298 904 1352 sub
946 1298 1171 1371 quolibet
1213 1298 1356 1354 titulo
1401 1298 1715 1367 canonibus,
1759 1298 2006 1352 rationem

268 1395 514 1467 temporis
565 1391 763 1462 habuit,
802 1405 853 1448 ut
895 1394 1060 1467 primo
1103 1394 1213 1448 loco
1256 1413 1313 1448 ea
1357 1394 1522 1466 capita
1565 1392 1844 1462 exhiberet,
1875 1410 2003 1464 quae

269 1506 332 1542 ex
393 1487 650 1561 prioribus
703 1488 923 1560 quinque
968 1488 1349 1543 collectionibus
1398 1488 1615 1559 selegit3
1658 1486 1839 1542 deinde
1883 1505 2007 1542 non-

270 1582 411 1637 nulla
454 1582 575 1650 alia,
605 1601 733 1654 quae
776 1593 917 1636 extra
960 1602 1044 1638 eas
1089 1582 1413 1637 collectiones
1447 1581 1778 1652 vagabantur,
1808 1592 2001 1656 postre-

268 1694 351 1731 mo
411 1677 522 1731 loco
572 1674 856 1731 Decretales
900 1673 1137 1747 Gregorii
1181 1673 1257 1731 IX
1303 1688 1558 1749 tamquam
1602 1677 1901 1731 recentiores
1945 1676 1998 1730 in

266 1789 411 1826 suam
465 1770 810 1826 collectionem
854 1772 1080 1826 inseruit.
1126 1769 1238 1826 Duo
1283 1783 1446 1825 autem
1491 1770 1722 1825 hocloco
1751 1768 2002 1824 monenda

267 1879 402 1924 sunt.
469 1865 695 1922 Alterum
747 1880 856 1937 est,
908 1868 1251 1923 collectionem
1295 1869 1424 1922 hanc
1474 1868 1817 1922 authenticam
1859 1884 2003 1935 esse,

265 1963 477 2036 ideoque
530 1966 699 2019 omnia
753 1976 798 2018 et
841 1965 1040 2035 singula
1084 1963 1336 2034 generalis
1381 1964 1506 2034 legis
1558 1963 1853 2017 auctoritate
1896 1962 2006 2036 pol-

266 2058 387 2126 lere,
431 2059 535 2113 sive
567 2078 594 2113 a
625 2056 856 2114 Concilio
899 2058 1122 2127 generali
1169 2058 1244 2112 vel
1291 2057 1612 2130 particulari,
1657 2058 1761 2111 sive
1791 2077 1819 2111 a
1854 2054 2003 2112 Sum-

267 2172 352 2208 mo
397 2150 682 2221 pontifice,
727 2154 832 2207 sive
875 2172 903 2207 a
947 2151 1002 2209 S.
1048 2150 1236 2221 Patre,
1280 2154 1385 2206 sive
1430 2151 1493 2206 ab
1543 2151 1643 2207 alio
1687 2169 2002 2224 quocumque

267 2250 514 2322 scriptore
574 2249 649 2302 vel
703 2249 837 2304 fonte
880 2251 1060 2304 hausta
1104 2251 1220 2305 sint.
1284 2247 1421 2304 Haec
1466 2250 1599 2304 enim
1642 2247 1870 2303 collectio
1913 2266 2001 2302 au-

271 2344 502 2399 ctoritate
549 2341 787 2413 Gregorii
830 2341 908 2398 IX
949 2343 1172 2399 confecta
1215 2354 1262 2398 et
1303 2343 1557 2417 publicata
1600 2354 1693 2412 est,
1725 2354 1774 2396 ut
1819 2342 1997 2397 merito

269 2437 511 2494 Pontifex
545 2439 714 2493 omnia
745 2457 833 2492 sua
878 2438 1068 2507 fecerit,
1099 2438 1281 2510 quibus
1327 2456 1470 2492 suam
1515 2438 1861 2492 auctoritatem
1903 2437 1998 2491 im-

272 2535 483 2607 pertitus
530 2544 602 2588 est
647 2530 742 2601 (L.
791 2535 841 2588 1.
889 2532 939 2588 ff.
987 2532 1048 2586 de
1092 2545 1187 2589 vet.
1232 2531 1342 2589 Jur.
1386 2529 1588 2598 enucl).
1634 2529 1862 2585 Alterum
1904 2542 1997 2600 est,

271 2629 494 2701 antiquis
556 2626 942 2696 Decretalibus9
1004 2646 1129 2700 quas
1182 2625 1457 2697 Gregorius
1503 2625 1578 2681 lX
1619 2627 1801 2680 missas
1845 2624 1998 2695 fecit,

275 2724 378 2777 vim
425 2723 590 2791 legum
634 2722 1086 2777 ecclesiasticarum
1130 2721 1405 2775 detractam
1449 2740 1576 2789 esse,
1606 2738 1717 2774 cum
1758 2717 1996 2775 Pontifex

269 2819 374 2889 ipse
442 2837 523 2871 eas
586 2817 719 2871 solas
780 2816 1063 2871 Decretales
1125 2818 1173 2870 in
1236 2828 1489 2889 posterum
1535 2816 1701 2885 vigere
1745 2815 1992 2882 voluerit,

265 2932 390 2984 quae
452 2915 500 2966 in
559 2931 700 2967 suam
764 2912 1105 2967 collectionem
1168 2910 1437 2969 translatae
1498 2909 1729 2978 fuerant,
1791 2920 1981 2964 ceteras
