2114 3289
334 135 442 185 140
563 150 678 187 CAP.
709 148 777 183 111.
814 146 873 181 DE
905 144 1145 181 coLLEcT.
1178 143 1395 181 sAcnon.
1431 144 1677 180 cANoNnn

250 253 432 308 deinde
475 271 618 307 suum
664 250 807 305 novis
853 247 1097 302 adhibitis
1129 248 1263 302 curis
1309 247 1520 302 multum
1547 245 1842 312 atlxit,·sed
1874 265 1973 301 non

253 345 476 421 perfecit.
523 344 653 400 Hinc
684 344 789 413 ejus
821 341 954 395 filius
982 339 1204 411 Angelus
1247 338 1417 395 Maria
1458 338 1777 395 Cherubinus
1807 341 1975 413 plures

256 441 383 495 alias
428 438 821 494 Constitutiones
873 434 1059 505 adjecit
1105 453 1258 506 usque
1301 434 1365 488 acl
1428 432 1773 489 Innocentium
1816 432 1886 502 X,
1931 444 1977 487 et

253 533 537 589 Bullarium
581 549 818 601 magnum
862 541 1079 602 quatuor
1110 528 1448 584 voluminibus
1480 541 1796 601 compactum
1842 529 1976 601 typis

254 628 476 683 romanis
508 624 669 680 edidit
712 643 842 679 anno
874 625 1045 678 1638.
1093 621 1223 677 Huic
1255 621 1437 676 deinde
1481 623 1710 694 quintum
1744 622 1979 677 volumen

255 723 482 789 accessit,
542 738 640 792 quo
701 718 924 789 Angelus
968 737 996 772 a
1056 715 1329 784 Lantusca,
1381 727 1428 770 et
1488 713 1678 770 Paulus
1723 735 1751 770 a
1812 714 1979 770 Roma

255 813 650 871 Constitutioues
710 812 908 867 Urbani
970 810 1117 880 VIII,
1179 822 1225 865 et
1285 812 1621 884 posteriorum
1672 807 1981 865 Pontificum

256 928 410 982 usque
453 907 517 963 ad
562 905 869 963 Clementem
910 904 962 961 X
991 906 1242 979 complexi
1285 916 1416 959 sunt.
1462 902 1563 958 Sed
1603 905 1827 959 omnium
1875 923 1982 957 am-

256 1005 541 1078 plissimum
586 1014 632 1056 et
683 1001 1172 1075 praestantissimum
1202 1010 1274 1054 est
1304 997 1589 1052 Bullarium
1633 996 1875 1069 Magnum
1916 998 1980 1052 ab

257 1096 571 1167 Hieronymo
615 1094 876 1150 Mainardi
930 1094 1121 1148 editum
1165 1092 1380 1162 Romae,
1411 1103 1457 1146 et
1498 1093 1548 1145 in
1602 1093 1981 1164 quatuordecim

260 1204 422 1247 tomos
469 1190 814 1245 distributum.
862 1187 916 1242 In
961 1208 1018 1243 eo
1047 1184 1441 1242 Constitutiones
1487 1184 1812 1241 Summorum
1854 1185 1989 1242 Pon-

261 1286 451 1340 tificum
496 1306 523 1340 a
570 1283 734 1339 Leone
787 1281 977 1353 Magno
1023 1282 1087 1336 ad
1139 1279 1444 1336 Clementem
1486 1278 1593 1334 XII
1654 1281 1986 1336 continentur.

264 1378 656 1435 Constitutiones
699 1381 849 1433 etiam
894 1376 1155 1431 Benedicti
1198 1374 1325 1429 XIV
1368 1377 1517 1430 tomis
1579 1387 1794 1448 quatuor
1857 1394 1992 1430 com-

262 1475 538 1548 prehensae
582 1475 632 1527 in
676 1473 932 1547 publicam
992 1470 1151 1524 lucem
1207 1468 1517 1542 prodierunt.
1583 1467 1731 1524 Solae
1794 1466 1994 1524 Consti-

264 1571 478 1623 tutiones
532 1568 867 1641 posteriorum
928 1563 1234 1620 Pontificum
1294 1563 1517 1619 nondum
1579 1582 1675 1619 uno
1738 1564 1990 1618 volumine

265 1663 506 1718 collectae
549 1673 679 1716 sunt.

346 1756 454 1811 Hae
503 1775 616 1810 vero
661 1753 926 1808 Bullarum
978 1753 1294 1808 collectiones
1355 1754 1666 1826 privatorum
1728 1752 1991 1807 hominum

267 1870 418 1924 opera
462 1848 713 1905 confectae
757 1860 887 1902 sunt.
935 1845 1181 1902 Similiter
1242 1847 1292 1899 in
1354 1843 1700 1901 Conciliorum
1763 1846 1888 1900 actis
1948 1856 1994 1899 et

268 1946 543 2001 canonibus
588 1944 885 2014 colligendis
931 1962 1135 2017 operam
1182 1954 1284 1996 tum
1327 1942 1658 2011 laboriosam,
1691 1953 1793 1996 tum
1823 1940 1995 1995 utilem

267 2041 435 2115 plures
481 2041 577 2093 viri
620 2039 753 2093 docti
816 2038 1146 2093 contulerunt.
1209 2035 1372 2108 Atque
1433 2036 1520 2090 alii
1582 2035 1786 2109 quidem
1850 2036 1996 2089 unius

270 2136 487 2190 nationis
532 2146 615 2188 aut
659 2135 947 2206 provinciae
991 2130 1241 2200 Concilia,
1286 2131 1374 2186 alii
1418 2150 1533 2186 vero
1597 2132 1767 2186 omnia
1828 2129 1994 2184 ubivis

270 2232 493 2301 gentium
537 2228 786 2282 celebrata
830 2227 1154 2297 collegerunt.
1201 2223 1445 2281 Omnium
1477 2236 1640 2279 autem
1673 2225 1996 2298 praestantis-

273 2327 401 2379 sima
445 2334 517 2376 est
561 2319 904 2376 Conciliorum
950 2321 1209 2388 collectio,
1272 2331 1474 2374 curante
1534 2319 1754 2372 Nicolcto
1815 2317 1995 2372 Colleti

274 2418 497 2472 Venetiis
575 2414 730 2483 edita,
799 2416 939 2484 cujus
1001 2413 1397 2486 supplementum
1473 2412 1612 2467 dedit
1689 2410 1994 2465 Dominicus

278 2510 454 2566 gtlansi
495 2508 660 2563 Lucae
704 2527 833 2561 anno
870 2510 1052 2561 1748.

359 2605 584 2675 Requlae
631 2600 981 2657 cancellariae
1023 2613 1137 2656 sunt
1177 2602 1309 2671 leges
1353 2600 1622 2673 quaedam,
1667 2618 1749 2653 seu
1794 2598 1995 2667 regulae

278 2720 413 2754 nuni.
483 2701 590 2765 7⁶2,
635 2696 816 2769 quibus
860 2693 1203 2750 Cancellariae
1247 2694 1567 2767 Apostolicae
1611 2693 1807 2762 negotia
1850 2710 1998 2765 expe-

280 2794 500 2848 diuntur.
548 2791 656 2846 Hae
701 2810 816 2845 vero
876 2809 904 2844 a
965 2790 1172 2843 caeteris
1233 2786 1686 2842 Constitutionibus
1742 2785 1997 2854 differunt,

282 2886 413 2956 quod
461 2899 617 2941 morte
660 2886 901 2957 cujusque
944 2882 1207 2939 Pontificis
1253 2883 1353 2936 vim
1385 2899 1527 2936 suam
1558 2882 1810 2949 amittunt,
1841 2879 1997 2933 donec
