2114 3289
341 124 451 177 196
516 140 606 175 Llss.
635 139 686 174 11.
719 138 762 173 c,
791 136 842 172 Π.
873 136 933 171 DE
964 134 1121 170 Erlsc.
1151 135 1377 178 EORUMQ.
1409 135 1517 170 ΝΒ.
1548 135 1606 169 ΕΤ
1634 134 1841 171 oremus

249 243 461 298 nissima
504 252 571 297 est
613 238 862 294 sententia
897 253 1040 310 posse
1085 235 1238 290 etiam
1265 235 1570 310 Episcopum
1597 235 1969 308 dispensare....

252 350 298 394 et
356 338 587 411 queunt-is
644 332 873 390 Sanchez
932 332 990 386 in
1048 341 1270 385 tractatu
1320 331 1380 386 de
1429 331 1760 386 matrimonio
1801 330 1890 387 lib.
1939 335 1969 384 8

250 434 381 506 disp.
428 436 458 486 6
504 448 646 485 num.
696 432 726 482 8
772 427 831 481 id
871 436 1038 498 neqet,
1082 437 1252 480 tamen
1294 425 1351 478 in
1395 425 1632 497 decaloqo
1675 425 1762 482 lib.
1801 429 1970 497 4cap.

248 531 319 582 40
365 544 503 580 num..
558 527 627 577 26
672 522 879 577 videtur
920 539 968 575 se
1011 533 1309 575 retractasse
1332 541 1353 589 9·
1397 519 1470 573 ibi
1520 520 1655 574 enim
1714 520 1789 574 ait
1844 532 1972 573 tam-

247 638 400 691 quam
427 636 494 673 ea:
521 616 702 689 requla
744 615 975 688 qenerali
1019 637 1045 672 ((
1088 617 1215 670 Cum
1241 613 1634 686 dispensationis
1660 614 1972 668 conservatio

245 736 271 769 ((
313 713 376 767 sit
418 712 619 779 odiosa,
649 721 718 766 est
741 709 1103 782 restringenda
1128 709 1198 763 ad
1228 725 1371 763 casus
1412 717 1570 762 certos
1579 728 1603 777 3
1647 708 1792 762 dubii
1835 707 1973 762 enini

248 830 274 864 ((
315 826 418 862 non
461 805 965 879 comprehendimini
1006 804 1095 858 sub
1137 802 1480 858 reservatione
1525 812 1567 858 >).

330 901 505 957 Altera
548 902 776 974 quaestio
820 912 913 969 est,
941 917 1059 954 num
1103 897 1384 973 Episcopus
1426 898 1586 971 possit
1615 897 1833 969 aliquem
1866 897 1973 967 lege

251 997 465 1065 solvere,
494 994 697 1068 quando
723 993 956 1050 conditor
998 994 1205 1048 canonis
1248 1011 1359 1047 eam
1403 992 1502 1047 sibi
1543 989 1832 1046 facultatem
1865 1009 1973 1045 non

252 1093 543 1149 reservavit.
591 1089 828 1164 Plerique
871 1107 1042 1146 omnes
1087 1087 1329 1145 Doctores
1372 1099 1664 1163 pernegant,
1688 1086 1803 1142 ideo
1838 1085 1973 1159 quod

244 1188 665 1262 clispensatioiieS‚
692 1198 744 1241 ut
786 1187 946 1257 ajunt,
972 1203 1075 1239 non
1116 1195 1231 1238 sunt
1276 1202 1342 1239 ex
1385 1184 1452 1238 iis
1493 1201 1622 1255 quae
1664 1192 1974 1255 competunt,

249 1284 291 1337 si
334 1300 437 1336 non
472 1280 889 1354 prohibeantur,
934 1280 1022 1335 sed
1065 1297 1133 1333 eoe
1175 1279 1242 1333 iis
1300 1296 1428 1350 quae
1487 1296 1590 1332 non
1650 1286 1974 1350 competunt,

247 1377 350 1432 nisi
393 1376 757 1431 concedantur.
804 1372 862 1428 Id
906 1373 1207 1431 confirmant
1249 1393 1311 1428 ex
1353 1392 1464 1447 cap.
1509 1371 1738 1427 Dilectus
1767 1371 1829 1427 de
1853 1383 1976 1426 tem-

252 1494 363 1548 por.
410 1473 606 1541 ordin.9
652 1470 737 1526 ubi
780 1489 1014 1545 expresse
1057 1469 1312 1525 decretum
1355 1482 1462 1525 est:
1517 1472 1644 1524 Cum
1691 1467 1775 1522 illi
1819 1464 1976 1542 (Epi-

245 1565 430 1643 scopo)
477 1565 779 1640 hujusmodi
823 1564 1133 1637 dispensatio
1175 1564 1388 1618 ‘ininirne
1445 1563 1508 1617 sit
1549 1563 1825 1636 permissa,
1874 1561 1974 1634 ipsi

248 1664 594 1735 obtemperare
638 1677 741 1713 non
785 1659 959 1713 debuit
1000 1659 1058 1712 in
1100 1658 1193 1712 hac
1229 1669 1398 1731 parte.
1444 1656 1711 1713 Praeterea
1756 1669 1808 1712 ut
1848 1657 1973 1712 hene

251 1754 609 1812 animadvertit
668 1751 936 1824 Fagnanus
979 1753 1031 1808 in
1092 1772 1202 1827 cap.
1266 1752 1436 1806 Nimis
1486 1751 1547 1807 de
1598 1751 1667 1808 fil.
1713 1750 1972 1825 preshyt.:

251 1854 363 1907 Mos
421 1865 684 1903 sacrorum
744 1865 998 1901 canonum
1052 1858 1098 1901 et
1142 1846 1492 1902 Concilioruun
1534 1856 1602 1900 est
1642 1846 1748 1917 fere
1790 1845 1976 1916 ubique

245 1943 548 2016 simpliciter
583 1942 882 2015 praecipere
926 1952 1014 1996 aut
1051 1941 1324 2015 prohibere
1368 1941 1496 2012 quid
1536 1939 1832 2013 faciendum
1878 1939 1971 2007 sitj

248 2039 325 2093 cel
368 2057 469 2091 non
511 2036 848 2108 faciendum3
893 2054 1016 2091 raro
1059 2046 1229 2090 autem
1271 2035 1582 2090 descendunt
1629 2034 1699 2088 ad
1739 2033 1975 2106 prohibi-

249 2135 439 2188 tionem
499 2131 910 2204 dispensationis,
980 2131 1121 2186 Unde
1167 2130 1209 2184 si
1252 2130 1427 2185 liceret
1469 2129 1732 2202 Episcopis
1773 2129 1974 2200 dispen-

246 2247 380 2294 sare,
409 2225 814 2298 quotiescumque
851 2225 1163 2298 dispensatio
1206 2226 1263 2279 in
1306 2225 1466 2297 specie
1510 2242 1613 2278 non
1647 2222 1972 2296 prohibetur,

248 2331 605 2393 consequenter
633 2332 750 2373 esset
794 2320 849 2373 in
894 2338 1070 2373 eorum
1111 2320 1353 2391 facultate
1398 2330 1558 2373 totum
1594 2318 1686 2392 jus
1710 2334 1972 2371 commune

252 2430 295 2472 et
324 2415 555 2473 Concilia
596 2414 914 2468 universalia
957 2416 1242 2469 subvertere
1285 2415 1343 2468 in
1374 2414 1591 2486 sinyulis
1634 2412 1828 2467 casibus
1870 2411 1973 2465 dis-

246 2511 534 2585 pensando,
562 2509 698 2580 quod
725 2520 792 2563 est
835 2526 1104 2563 erroneum
1148 2527 1389 2565 asserere.
1419 2508 1475 2563 In
1504 2510 1632 2563 hanc
1678 2507 1970 2562 sententiam

251 2610 322 2662 sic
368 2617 499 2660 recte
542 2605 872 2659 ratiocinatur
914 2601 974 2658 P.
1020 2602 1181 2673 Engel
1207 2604 1267 2657 de
1313 2606 1433 2659 min.
1463 2615 1509 2658 et
1543 2601 1709 2657 obed.:
1754 2602 1973 2652 Frustra

249 2718 464 2754 canones
509 2716 743 2771 expresse
787 2697 933 2752 illam
992 2696 1287 2769 facultatem
1347 2695 1680 2769 dispensandi
1724 2695 1779 2748 in
1823 2694 1973 2747 certis

252 2795 444 2849 casibus
489 2794 839 2860 concederent,
892 2793 933 2846 si
984 2791 1115 2848 alias
1165 2792 1225 2845 de
1264 2791 1389 2864 jure
1440 2791 1687 2863 Episcopo
1731 2801 1973 2863 compete·-

248 2900 339 2943 ret.
