2114 3289
277 128 325 204 ὃ.
359 152 449 188 xu,
482 152 541 187 DE
569 151 685 186 Aac.
719 149 960 185 rnorsssr.
990 148 1058 183 Ex
1083 148 1268 183 ιΝῡοιΕ
1295 146 1613 183 RERUMPt'BL.
1681 132 1750 180 47

113 272 259 323 ram,
304 256 347 310 si
391 252 561 309 Status
608 253 758 307 veluti
802 253 852 306 in
891 250 1050 307 Statu
1108 252 1474 319 constituatur,
1531 260 1579 304 et
1638 248 1835 305 duabus

111 348 242 403 inter
283 367 335 404 se
377 347 571 403 dissitis
615 347 946 422 potestatibus
991 345 1146 401 iidem
1188 346 1322 400 cives
1360 344 1713 414 subjiciantur.

188 441 256 496 At
316 459 433 497 vero
492 441 888 515 respondemus,
932 442 984 494 in
1028 458 1125 495 uno
1167 438 1443 512 eodemque
1482 455 1665 509 genere
1708 435 1835 491 duas

110 552 333 590 summas
393 546 661 610 potestates
722 554 828 589 esse
889 553 988 589 non
1048 552 1233 607 posse,
1291 533 1344 588 in
1396 531 1497 588 alio
1542 542 1690 604 atque
1733 531 1835 585 alio

109 647 290 699 genere
333 629 480 704 plane
523 648 687 703 posse.
732 627 895 698 Igitur
938 646 1036 682 non
1080 638 1342 700 repugnat,
1380 625 1506 682 duos
1534 624 1705 681 Status
1732 626 1837 681 sive

111 721 211 778 duo
256 721 477 798 Imperia
521 742 718 778 summa
761 723 811 775 in
871 721 1048 776 eadem
1109 721 1310 775 civitate
1354 738 1497 789 esse,
1541 721 1585 774 si
1629 730 1837 792 utraque

109 828 331 890 potestas
375 817 564 872 diversi
608 816 804 872 ordinis
849 816 950 884 sit,
994 833 1152 889 neque
1197 813 1262 869 ad
1305 832 1459 868 unum
1507 812 1838 885 eumdemque

110 910 262 965 finem
314 910 601 981 contendat,
645 922 692 965 et
734 910 952 981 objectO,
996 920 1043 964 et
1088 907 1268 964 mediis
1311 908 1459 983 plane
1503 907 1718 962 diversis
1762 906 1840 961 di-

109 1005 404 1077 stinctisque
472 1004 818 1060 concludatur.
887 1001 1004 1058 Jam
1063 1022 1179 1058 vero
1239 1001 1502 1071 Ecclesia,
1564 1012 1612 1056 et
1673 1001 1838 1056 civilis

109 1097 421 1172 Respublica
466 1099 582 1167 fine,
619 1099 836 1169 object0‚
872 1110 917 1153 et
961 1097 1141 1152 mediis
1186 1096 1452 1152 distinctae
1496 1108 1637 1166 sunt3
1680 1095 1838 1150 altera

107 1196 241 1249 enim
288 1196 418 1250 vitae
461 1195 612 1266 hujus
657 1194 1075 1266 tranquillitatem
1118 1204 1328 1267 spectat,
1355 1191 1513 1247 altera
1547 1190 1839 1245 felicitatem

111 1289 375 1344 hominum
437 1290 832 1362 sempiternam3
892 1287 1049 1341 altera
1110 1286 1345 1341 civilibus
1405 1285 1554 1340 rebus
1604 1296 1838 1359 praeest?

108 1383 264 1438 altera
309 1383 599 1453 religiosis3
644 1393 854 1453 utraque
898 1379 1110 1454 proinde
1153 1390 1398 1453 potestate
1441 1398 1531 1434 sua
1590 1380 1836 1453 propria,

107 1494 297 1550 suoque
339 1478 392 1532 in
434 1495 613 1547 genere
657 1494 854 1531 summa
895 1475 1103 1549 potitur.
1148 1472 1499 1541 Quamobrem
1525 1472 1837 1548 Respublica

106 1571 298 1641 civilis,
342 1582 389 1625 et
430 1570 771 1625 ecclesiastica
816 1588 916 1624 non
960 1567 1131 1624 Status
1192 1570 1244 1624 in
1305 1567 1480 1638 Statu,
1526 1568 1614 1624 sed
1666 1566 1838 1624 Status

105 1666 159 1721 in
202 1666 403 1721 civitate
445 1683 543 1720 una
588 1663 688 1721 duo
732 1676 865 1733 sunt,
893 1676 940 1718 et
983 1664 1172 1719 diversi
1216 1665 1421 1719 omnino
1465 1664 1662 1733 generis
1690 1674 1838 1735 atque

104 1772 343 1830 naturae,
390 1760 615 1833 adeoque
659 1760 823 1815 omnis
869 1777 1037 1834 pugna
1080 1758 1273 1814 tollitur
1317 1769 1464 1830 atque
1508 1776 1675 1812 rerum
1718 1776 1836 1811 con-

106 1854 239 1911 fusio
282 1873 344 1910 ex
395 1854 509 1909 finis
563 1854 847 1927 objectique
900 1852 1209 1908 diversitate.
1273 1849 1382 1906 Into
1444 1871 1559 1907 vero
1620 1851 1838 1905 mirifica

109 1952 239 2006 inter
280 1961 543 2022 utramque
586 1959 880 2022 potestatem
925 1946 1198 2003 concordia
1241 1965 1348 2002 esse
1391 1958 1572 2019 potest,
1606 1957 1653 2000 et
1696 1965 1840 2019 prae-

108 2046 281 2099 sertim
343 2043 407 2098 ab
467 2043 808 2098 ecclesiastica
868 2053 1113 2117 potestate
1174 2042 1456 2095 maximum
1522 2040 1836 2114 praesidium

107 2139 340 2211 potestati
402 2138 541 2192 civili
601 2149 961 2210 comparatur,
1015 2155 1128 2191 cum
1172 2135 1300 2190 nihil
1342 2133 1610 2206 Religionc
1655 2133 1834 2190 fortius

109 2234 174 2288 sit
216 2232 281 2288 ad
326 2234 458 2287 cives
502 2233 554 2286 in
598 2232 761 2287 officio
806 2230 1155 2287 continendos,

165 2419 378 2473 Woffius,
415 2431 551 2477 quem
588 2420 911 2464 Protestantes
946 2417 1276 2477 Philosophiae
1312 2415 1545 2462 naturalis
1580 2415 1844 2472 principem

99 2507 207 2558 post
239 2501 524 2546 Leibnitiuni
562 2500 812 2545 nominant
847 2505 892 2545 ct
930 2499 1237 2553 existimant,
1276 2498 1393 2544 haec
1431 2498 1636 2553 ingenue
1672 2493 1848 2540 fatetur

102 2588 222 2638 part.
260 2582 289 2627 3
322 2578 416 2637 jur.
469 2587 624 2626 natur.
665 2578 705 2641 §-
752 2582 875 2626 955:
929 2579 1025 2634 Qui
1072 2577 1325 2625 absurdum
1371 2582 1544 2638 putant
1585 2574 1671 2636 jus
1720 2574 1848 2620 ce‘rca

100 2675 234 2706 sacra
269 2667 536 2723 separatum
572 2661 628 2706 ab
662 2661 861 2722 imperio
897 2660 1053 2718 cit-ili,
1078 2660 1216 2721 quasi
1247 2657 1507 2720 respublica
1531 2656 1583 2701 in
1606 2655 1846 2716 republica

101 2741 335 2801 finqntur,
376 2742 617 2805 judicium
661 2743 851 2789 omnino
880 2742 1239 2804 praecipitant,
1277 2755 1359 2786 nec
1395 2737 1731 2784 absurditatem
1768 2736 1849 2783 de-

98 2829 356 2869 monstrare
390 2824 562 2871 valent.
600 2825 722 2870 Sanc
758 2825 809 2870 in
839 2824 1088 2885 Republica
1112 2823 1428 2869 Ichrucorwn
1451 2820 1536 2881 jus
1559 2819 1685 2864 circa
1712 2831 1848 2863 sacra

99 2910 196 2949 erat
232 2918 368 2965 penes
403 2906 675 2967 Pontificem
717 2905 998 2964 maximum,
1034 2903 1279 2966 imperium
1320 2901 1456 2948 cit-ilc
1490 2915 1627 2962 peries
1666 2902 1844 2960 Regem,
