2114 3289
576 112 619 187 §-
666 134 763 170 un.
812 133 872 169 DE
914 134 1035 169 sums
1080 131 1409 169 msPENsAnm
1658 116 1764 166 197

220 241 392 299 Solent
435 239 593 312 aliqui
636 238 854 309 objicere
904 249 1052 311 eaput
1094 238 1272 309 Nuper
1314 236 1376 291 de
1419 246 1542 291 sent.
1587 252 1858 303 excomm,

148 337 234 391 ubi
261 337 467 405 legitur:
494 331 632 395 Quia
658 342 828 386 tamen
853 331 1088 385 conditor
1113 330 1323 384 ccmonis
1349 329 1464 403 ejus
1496 327 1862 383 absolutionem

142 429 240 483 sibi
281 425 570 500 specialiter
621 444 723 479 nort
781 425 1019 491 retinuit,
1064 443 1120 478 eo
1161 424 1270 496 ipso
1313 423 1601 478 concessisse
1659 420 1865 476 videtur

139 522 435 594 facultatem
477 520 598 575 aliis
642 519 943 574 relaoeaiidi.
987 517 1340 593 Respondetur
1382 530 1546 573 autem
1588 518 1641 572 in
1683 535 1740 572 eo
1784 534 1866 571 ca-

141 635 268 671 none
310 634 409 671 non
454 614 515 669 de
556 614 751 685 legibus
795 612 1106 681 relaxandis,
1150 611 1237 668 sed
1282 612 1343 666 de
1386 610 1790 666 absolutionibus
1835 628 1865 664 a

142 711 365 765 censuris
425 720 472 763 et
519 710 735 783 peccatis
790 706 1100 780 disceptari,
1142 725 1269 779 quae
1314 706 1413 761 duo
1457 706 1678 760 maxime
1722 702 1866 758 diffe-

143 815 274 859 runt.
338 800 667 857 Absolutione
710 802 843 856 enim
888 820 916 855 a
958 801 1176 874 peccatis
1220 812 1266 855 et
1309 800 1532 854 censuris
1577 817 1677 854 non
1720 797 1866 852 dero—

140 909 288 967 gatur
329 896 447 967 legi,
491 895 866 969 dispensatione
909 913 1025 949 vero
1068 893 1151 948 lex
1194 893 1502 962 vulneratur,
1546 893 1651 947 sive
1695 902 1747 946 ut
1790 892 1862 946 ait

146 989 334 1046 Suarez
391 990 452 1044 de
511 988 706 1060 legibus
759 988 849 1043 lib.
897 991 928 1041 6
973 1007 1084 1062 cap.
1138 989 1247 1041 14:
1310 986 1574 1041 Absolutio
1635 1003 1738 1038 non
1798 992 1869 1038 est

140 1096 318 1139 contra
360 1095 450 1138 aut
483 1095 694 1156 praeter
735 1083 893 1154 leqem
928 1082 1228 1155 superioriS,
1256 1082 1343 1136 sed
1369 1081 1646 1135 secandum
1687 1079 1835 1134 illam
1845 1099 1869 1149 ,-

144 1178 452 1251 dispensatio
495 1188 666 1231 autem
718 1177 930 1248 cleroqat
980 1176 1100 1248 leqi.
1162 1174 1430 1231 Praeclare
1491 1174 1863 1230 Thomassinus

143 1285 273 1346 part.
322 1275 348 1325 1
398 1272 487 1328 lib.
539 1274 571 1324 2
615 1290 725 1345 cap.
775 1273 883 1329 13:
929 1271 1027 1337 Ec,
1071 1271 1258 1343 inquit,
1301 1269 1637 1342 fundamento
1680 1267 1870 1322 nititur

144 1385 204 1421 ea
264 1366 658 1421 Canonistaram
719 1364 1021 1430 distinctio,
1065 1364 1272 1435 quando
1332 1363 1512 1417 docent
1555 1381 1610 1416 eo
1653 1359 1870 1436 differre

144 1461 542 1533 dispensationes
568 1460 629 1513 ab
655 1458 1077 1525 absolutionibaS,
1106 1457 1242 1528 qaod
1276 1456 1570 1529 dispensare
1614 1473 1717 1509 non
1753 1471 1871 1527 pos-

140 1557 240 1611 sint
282 1555 544 1628 Episcopi,
589 1554 691 1608 nisi
733 1554 822 1608 ubi
863 1553 960 1608 illa
1002 1553 1073 1608 eis
1116 1570 1349 1626 expresse
1392 1553 1449 1606 in
1487 1551 1613 1626 jure
1650 1560 1871 1624 potestas

141 1650 479 1720 conceditur,-
542 1659 595 1703 at
652 1647 905 1703 absolvere
949 1666 981 1701 a
1023 1647 1419 1719 quibuscumque
1455 1646 1651 1718 possint
1694 1645 1871 1700 crimi-

142 1745 313 1810 nibaS,
339 1743 442 1797 nisi
466 1743 554 1797 ubi
583 1759 815 1815 eoepresse
859 1742 1104 1816 Pontifici
1140 1745 1350 1797 Sammo
1392 1750 1651 1794 reservata
1691 1739 1869 1811 fuerit.

143 1838 342 1911 Quippe
402 1836 544 1892 Ordo
605 1835 900 1909 episcopalis
946 1835 1300 1908 plenissimam
1343 1833 1694 1906 complectitur
1729 1843 1873 1905 pote-

142 1942 321 1986 statem
384 1930 811 1987 remittendorum
869 1941 1236 2003 peccatoram,
1296 1947 1398 1982 non
1454 1928 1872 1983 relaatanclarum

144 2027 329 2098 lequm.

925 2100 969 2177 §.
1016 2109 1090 2160 54

622 2244 696 2289 DE
736 2243 874 2290 JURE
913 2241 1374 2289 ADMINISTRANDI

227 2405 474 2475 Quintum
517 2405 731 2479 denique
782 2407 862 2475 jus
926 2405 1294 2480 Episcoporum
1355 2405 1407 2458 in
1461 2401 1864 2458 administrando

152 2515 410 2559 versatur.
473 2497 844 2557 Administrare
911 2514 984 2557 est
1043 2502 1356 2576 spiritualem
1432 2518 1604 2554 curam
1663 2515 1868 2554 suarum

151 2598 318 2651 ovium
361 2616 551 2667 gerere,
594 2614 771 2668 resque
833 2596 897 2651 ad
957 2595 1051 2651 Dei
1111 2596 1297 2651 cultum
1359 2606 1404 2649 et
1464 2595 1663 2667 pietatis
1719 2611 1870 2665 opera

148 2692 446 2763 pertinentes
491 2690 774 2764 disponere,
836 2689 1199 2763 diligenterque
1260 2707 1453 2744 curare.
1512 2685 1684 2760 Itaque
1743 2685 1866 2759 Epi-

152 2801 304 2855 copus
348 2803 409 2838 ex
452 2784 615 2839 officio
657 2796 703 2840 et
744 2786 853 2855 jure
913 2782 1303 2840 administrandi
1359 2779 1441 2838 1.⁰
1502 2780 1756 2836 Ecclesias
1822 2792 1869 2834 et

150 2877 402 2935 Beneficia
444 2881 612 2950 erigit,
676 2882 963 2956 supprimit,
1026 2882 1234 2936 servatis
1298 2897 1556 2935 sacrorum
1618 2895 1864 2932 canonum

1636 2967 1745 3023 13ηὲρ
