2114 3289
372 99 415 174 S.
445 121 631 156 xxxin,
662 120 721 154 DE
749 119 870 153 June
899 119 1096 155 cAsunM
1127 117 1570 154 ResERvANDORUM
1647 101 1756 153 125

115 237 246 295 cata,
290 225 366 280 vel
408 225 700 291 retinentur,
747 241 915 276 verum
960 223 1110 276 etiam
1172 233 1391 296 potestas
1436 218 1844 290 Jurisdictionis3

117 332 389 391 neutraque
431 318 537 372 sine
580 316 735 370 altera
797 318 919 370 satis
963 328 1054 371 est.
1117 315 1190 370 Ea
1236 314 1487 387 siquidem
1531 325 1604 368 est
1661 312 1846 368 Sacra-

118 416 271 469 menti
315 412 660 468 Poenitentiae
703 423 902 480 natura,
948 423 999 465 ut
1042 412 1203 465 instar
1252 410 1432 480 judicii
1476 408 1845 465 conficiendum

119 510 202 578 sit3
246 508 459 581 ideoque
513 505 763 562 Sacerdos
825 525 939 560 cum
999 505 1186 576 judicis
1248 525 1515 579 personam
1576 523 1747 575 gerere
1803 516 1850 559 et

118 602 290 657 sedere
333 621 424 675 pro
469 600 737 656 Tribunali
783 600 981 669 debeat9
1027 611 1175 672 atque
1220 599 1503 670 dijudicare
1541 611 1705 653 utrum
1733 617 1847 672 pec-

118 709 228 752 cata
290 695 588 751 remittenda
641 696 760 763 sint,
821 713 883 748 an
944 693 1224 762 retinenda9
1286 694 1606 766 perspicuum
1660 691 1842 747 estad

116 790 243 844 illud
284 790 531 861 judicium
576 791 667 843 rite
711 800 940 860 recteque
972 787 1334 842 instituendum
1380 786 1841 860 perficiendumque

119 905 318 941 necesse
360 905 487 955 esse,
539 897 591 939 ut
634 895 930 959 potestatem
992 883 1177 938 habeat
1221 896 1324 938 tum
1386 883 1723 953 cognoscendi
1786 882 1848 937 de

119 980 265 1054 culpa
325 981 642 1055 poenitentis,
705 991 808 1033 tum
867 980 1019 1033 etiam
1078 977 1457 1051 praescribendi
1518 977 1712 1050 aliquid
1768 976 1845 1031 vel

117 1076 424 1150 imperandi,
469 1074 605 1148 quod
648 1075 906 1148 poenitens
952 1085 1206 1147 praestare
1250 1074 1454 1128 omnino
1499 1072 1697 1129 debeat.

199 1169 266 1224 At
309 1188 528 1242 quonam
570 1169 680 1239 jure
724 1167 974 1223 Sacerdos
1018 1169 1201 1241 poterit
1245 1186 1545 1239 cognoscere
1587 1166 1649 1221 de
1693 1166 1840 1240 culpa

120 1263 418 1340 poenitentis
463 1275 515 1318 ut
556 1282 669 1317 eum
713 1263 964 1331 absolvat,
1008 1264 1152 1334 eique
1195 1261 1539 1335 praescribere
1569 1261 1643 1315 vel
1686 1262 1846 1334 impe-

122 1378 232 1413 rare
276 1357 491 1429 aliquid,
535 1359 577 1412 si
623 1358 880 1430 poenitens
942 1356 1049 1425 ejus
1109 1355 1454 1426 jurisdictioni
1499 1374 1596 1409 non
1642 1351 1848 1409 subsit?

119 1451 277 1509 Nullo
321 1451 526 1525 quidem
568 1452 696 1521 jure.
742 1448 920 1503 Restat
962 1451 1117 1519 igitur
1160 1460 1212 1503 ut
1264 1467 1377 1503 cum
1431 1447 1646 1505 Ordinis
1681 1461 1847 1522 potes-

121 1559 218 1602 tate
245 1544 595 1616 conjungenda
625 1545 690 1599 sit
717 1555 936 1618 potestas
963 1541 993 1598 J
1000 1542 1363 1613 urisdictionis‚
1392 1545 1499 1598 sine
1534 1562 1632 1616 qua
1661 1541 1844 1599 Sacra-

117 1652 338 1696 mentum
381 1658 539 1712 neque
582 1639 738 1707 licite,
783 1657 942 1711 neque
986 1637 1153 1692 valide
1197 1637 1602 1693 administratur.

196 1734 464 1790 Praeclare
508 1732 563 1790 S.
609 1733 838 1788 Thomas
882 1733 972 1788 lib.
1019 1730 1110 1789 IV.
1155 1744 1330 1787 contra
1393 1729 1541 1787 Gent.
1587 1751 1698 1806 cap.
1753 1736 1844 1788 72.

119 1829 363 1886 Minister
424 1829 616 1901 inquit,
677 1827 934 1881 Ecclesiae
1012 1827 1071 1880 in
1129 1844 1225 1879 usn
1287 1825 1523 1881 Clavimn
1576 1825 1849 1900 judicium

116 1924 380 1996 quoddam
451 1934 678 1992 eoeercet3
739 1921 877 1976 nulli
937 1932 1109 1976 autem
1160 1920 1431 1995 judicium
1492 1921 1854 1988 committitur,

117 2021 220 2075 nisi
268 2021 328 2075 in
385 2020 482 2074 sibi
542 2020 790 2075 subditos:
853 2019 991 2073 uncle
1052 2018 1383 2091 manifestum
1436 2028 1527 2085 est,
1571 2018 1710 2090 quod
1750 2037 1855 2072 non

116 2116 328 2187 quilibet
371 2116 621 2172 Sacerdos
664 2115 935 2186 quemlibet
971 2125 1135 2188 potest
1177 2114 1432 2169 absolvere
1476 2133 1508 2168 a
1533 2124 1765 2187 peccato,
1800 2124 1858 2168 ut

121 2211 338 2282 quidam
379 2211 725 2276 mentiuntur,
769 2211 859 2264 secl
920 2229 1035 2264 eum
1094 2220 1318 2276 tantum,
1362 2208 1419 2263 in
1462 2226 1612 2280 quem
1665 2209 1853 2282 accipit

113 2319 430 2380 potestatem.
494 2307 558 2362 Et
599 2310 651 2364 in
695 2307 941 2381 supplem.
1005 2319 1199 2380 quaest.
1268 2311 1319 2362 8.
1365 2318 1461 2364 art.
1527 2310 1578 2363 4.
1642 2302 1853 2379 Oportet

117 2403 206 2458 ille
234 2403 324 2474 qni
352 2403 673 2474 dispensator
700 2402 859 2475 liujus
885 2403 1194 2457 sacramenti
1238 2402 1589 2468 constituitur,
1619 2402 1682 2455 sit
1721 2402 1860 2472 quod

121 2497 239 2552 talis
292 2498 382 2569 qai
425 2498 585 2569 possit
647 2497 903 2569 imperare
964 2497 1170 2568 aliquid
1229 2498 1505 2569 ctqendam.
1568 2496 1860 2568 Imperium

123 2604 294 2646 autem
337 2611 440 2646 non
484 2593 721 2665 competit
764 2591 926 2647 alicui
968 2593 1026 2647 in
1051 2592 1305 2658 alienum,
1351 2591 1453 2645 nisi
1491 2590 1537 2645 ei
1581 2591 1671 2661 qai
1714 2590 1862 2645 habet

127 2703 276 2757 super
321 2706 436 2741 enm
480 2686 950 2761 jurisdictionem3
1008 2698 1053 2742 et
1095 2688 1213 2742 ideo
1258 2688 1319 2740 cle
1364 2685 1655 2740 necessitate
1701 2684 1861 2759 liujus

124 2782 446 2836 Sacramenti
507 2794 573 2836 est
626 2801 729 2836 non
772 2783 936 2836 solam
978 2794 1034 2837 itt
1078 2783 1313 2836 minister
1373 2780 1553 2835 habeat
1598 2780 1858 2848 ordinemj

128 2875 253 2929 sicut
298 2876 354 2930 in
397 2877 516 2931 aliis
560 2878 930 2945 Sacramentis‘,
966 2879 1053 2934 secl
1096 2878 1251 2932 etiam
1295 2876 1433 2947 quod
1476 2876 1658 2932 habeat
1694 2874 1863 2949 juris-
