<?xml version="1.0" encoding="UTF-8"?>
<!DOCTYPE html PUBLIC "-//W3C//DTD XHTML 1.0 Transitional//EN"
    "http://www.w3.org/TR/xhtml1/DTD/xhtml1-transitional.dtd">
<html xmlns="http://www.w3.org/1999/xhtml" xml:lang="en" lang="en">
 <head>
  <title>
</title>
<meta http-equiv="Content-Type" content="text/html;charset=utf-8" />
  <meta name='ocr-system' content='tesseract 3.04.00' />
  <meta name='ocr-capabilities' content='ocr_page ocr_carea ocr_par ocr_line ocrx_word'/>
</head>
<body>
  <div class='ocr_page' id='page_1' title='image "./joanniscardinali00sogl_0295.png"; bbox 0 0 2114 3289; ppageno 0'>
   <div class='ocr_carea' id='block_1_1' title="bbox 442 118 1753 193">
    <p class='ocr_par' dir='ltr' id='par_1_1' title="bbox 442 118 1753 193">
     <span class='ocr_line' id='line_1_1' title="bbox 442 118 1753 193; baseline -0.003 -15"><span class='ocrx_word' id='word_1_1' title='bbox 442 118 484 193; x_wconf 60' lang='lat' dir='ltr'>S.</span> <span class='ocrx_word' id='word_1_2' title='bbox 530 140 699 178; x_wconf 83' lang='lat' dir='ltr'>xxxn.</span> <span class='ocrx_word' id='word_1_3' title='bbox 750 141 808 175; x_wconf 72' lang='lat' dir='ltr'>nn</span> <span class='ocrx_word' id='word_1_4' title='bbox 852 141 973 175; x_wconf 74' lang='lat' dir='ltr'>,mni-3</span> <span class='ocrx_word' id='word_1_5' title='bbox 1018 139 1229 175; x_wconf 63' lang='lat' dir='ltr'>ranei-&lt;ni</span> <span class='ocrx_word' id='word_1_6' title='bbox 1274 138 1530 175; x_wconf 79' lang='lat' dir='ltr'><strong>GENSURAS</strong></span> <span class='ocrx_word' id='word_1_7' title='bbox 1649 122 1753 174; x_wconf 72' lang='lat'>121</span> 
     </span>
    </p>
   </div>
   <div class='ocr_carea' id='block_1_2' title="bbox 118 239 1861 2953">
    <p class='ocr_par' dir='ltr' id='par_1_2' title="bbox 118 239 1861 2674">
     <span class='ocr_line' id='line_1_2' title="bbox 132 239 1849 320; baseline -0.002 -20"><span class='ocrx_word' id='word_1_8' title='bbox 132 258 263 301; x_wconf 86' lang='lat' dir='ltr'>certo</span> <span class='ocrx_word' id='word_1_9' title='bbox 322 246 487 320; x_wconf 88' lang='lat' dir='ltr'>posuit</span> <span class='ocrx_word' id='word_1_10' title='bbox 554 239 752 314; x_wconf 84' lang='lat' dir='ltr'>(utrum</span> <span class='ocrx_word' id='word_1_11' title='bbox 807 262 868 297; x_wconf 80' lang='lat' dir='ltr'>ex</span> <span class='ocrx_word' id='word_1_12' title='bbox 913 244 1217 313; x_wconf 73' lang='lat' dir='ltr'>ignorantia,</span> <span class='ocrx_word' id='word_1_13' title='bbox 1262 260 1324 296; x_wconf 86' lang='lat' dir='ltr'>an</span> <span class='ocrx_word' id='word_1_14' title='bbox 1369 259 1484 296; x_wconf 86' lang='lat' dir='ltr'>vero</span> <span class='ocrx_word' id='word_1_15' title='bbox 1527 259 1590 294; x_wconf 90' lang='lat' dir='ltr'>ex</span> <span class='ocrx_word' id='word_1_16' title='bbox 1634 241 1849 310; x_wconf 89' lang='lat' dir='ltr'>malitia,</span> 
     </span>
     <span class='ocr_line' id='line_1_3' title="bbox 131 332 1848 410; baseline -0.003 -17"><span class='ocrx_word' id='word_1_17' title='bbox 131 338 223 394; x_wconf 87' lang='lat' dir='ltr'>Dei</span> <span class='ocrx_word' id='word_1_18' title='bbox 282 340 346 392; x_wconf 89' lang='lat' dir='ltr'>sit</span> <span class='ocrx_word' id='word_1_19' title='bbox 402 332 684 408; x_wconf 83' lang='lat' dir='ltr'>judicium)</span> <span class='ocrx_word' id='word_1_20' title='bbox 741 356 827 410; x_wconf 86' lang='lat' dir='ltr'>per</span> <span class='ocrx_word' id='word_1_21' title='bbox 868 337 982 391; x_wconf 88' lang='lat' dir='ltr'>illas</span> <span class='ocrx_word' id='word_1_22' title='bbox 1029 336 1572 390; x_wconf 80' lang='lat' dir='ltr'>excommunicationes</span> <span class='ocrx_word' id='word_1_23' title='bbox 1617 334 1848 388; x_wconf 88' lang='lat' dir='ltr'>homines</span> 
     </span>
     <span class='ocr_line' id='line_1_4' title="bbox 131 428 1850 502; baseline -0.004 -15"><span class='ocrx_word' id='word_1_24' title='bbox 131 451 228 488; x_wconf 93' lang='lat' dir='ltr'>non</span> <span class='ocrx_word' id='word_1_25' title='bbox 278 432 521 499; x_wconf 89' lang='lat' dir='ltr'>monitos,</span> <span class='ocrx_word' id='word_1_26' title='bbox 566 449 663 486; x_wconf 88' lang='lat' dir='ltr'>non</span> <span class='ocrx_word' id='word_1_27' title='bbox 710 430 936 499; x_wconf 86' lang='lat' dir='ltr'>auditos,</span> <span class='ocrx_word' id='word_1_28' title='bbox 981 449 1076 484; x_wconf 88' lang='lat' dir='ltr'>non</span> <span class='ocrx_word' id='word_1_29' title='bbox 1123 448 1233 484; x_wconf 85' lang='lat' dir='ltr'>reos</span> <span class='ocrx_word' id='word_1_30' title='bbox 1278 429 1498 500; x_wconf 84' lang='lat' dir='ltr'>legitime</span> <span class='ocrx_word' id='word_1_31' title='bbox 1542 428 1780 502; x_wconf 85' lang='lat' dir='ltr'>probatos</span> <span class='ocrx_word' id='word_1_32' title='bbox 1825 446 1850 480; x_wconf 90' lang='lat' dir='ltr'>e</span> 
     </span>
     <span class='ocr_line' id='line_1_5' title="bbox 132 521 1851 596; baseline -0.002 -17"><span class='ocrx_word' id='word_1_33' title='bbox 132 543 337 580; x_wconf 88' lang='lat' dir='ltr'>numero</span> <span class='ocrx_word' id='word_1_34' title='bbox 397 525 790 580; x_wconf 88' lang='lat' dir='ltr'>christianorum</span> <span class='ocrx_word' id='word_1_35' title='bbox 849 524 1143 594; x_wconf 85' lang='lat' dir='ltr'>segregari,</span> <span class='ocrx_word' id='word_1_36' title='bbox 1197 535 1343 596; x_wconf 86' lang='lat' dir='ltr'>atque</span> <span class='ocrx_word' id='word_1_37' title='bbox 1387 534 1528 577; x_wconf 87' lang='lat' dir='ltr'>extra</span> <span class='ocrx_word' id='word_1_38' title='bbox 1572 521 1851 576; x_wconf 80' lang='lat' dir='ltr'>Ecclesiam</span> 
     </span>
     <span class='ocr_line' id='line_1_6' title="bbox 131 615 1854 691; baseline -0.003 -17"><span class='ocrx_word' id='word_1_39' title='bbox 131 620 264 691; x_wconf 83' lang='lat' dir='ltr'>ejici.</span> <span class='ocrx_word' id='word_1_40' title='bbox 311 617 369 673; x_wconf 81' lang='lat' dir='ltr'>Id</span> <span class='ocrx_word' id='word_1_41' title='bbox 413 630 485 674; x_wconf 82' lang='lat' dir='ltr'>est</span> <span class='ocrx_word' id='word_1_42' title='bbox 527 618 876 674; x_wconf 86' lang='lat' dir='ltr'>falsissimum.</span> <span class='ocrx_word' id='word_1_43' title='bbox 923 615 1159 690; x_wconf 82' lang='lat' dir='ltr'>Namque</span> <span class='ocrx_word' id='word_1_44' title='bbox 1203 616 1482 671; x_wconf 78' lang='lat' dir='ltr'>admonitio</span> <span class='ocrx_word' id='word_1_45' title='bbox 1510 617 1752 671; x_wconf 89' lang='lat' dir='ltr'>canonica</span> <span class='ocrx_word' id='word_1_46' title='bbox 1779 625 1854 669; x_wconf 86' lang='lat' dir='ltr'>est</span> 
     </span>
     <span class='ocr_line' id='line_1_7' title="bbox 131 708 1853 788; baseline -0.003 -20"><span class='ocrx_word' id='word_1_47' title='bbox 131 713 469 788; x_wconf 73' lang='lat' dir='ltr'>promulgatio</span> <span class='ocrx_word' id='word_1_48' title='bbox 522 712 667 783; x_wconf 84' lang='lat' dir='ltr'>legis,</span> <span class='ocrx_word' id='word_1_49' title='bbox 713 731 838 785; x_wconf 84' lang='lat' dir='ltr'>quae</span> <span class='ocrx_word' id='word_1_50' title='bbox 882 708 1078 783; x_wconf 84' lang='lat' dir='ltr'>aliquid</span> <span class='ocrx_word' id='word_1_51' title='bbox 1124 710 1232 764; x_wconf 87' lang='lat' dir='ltr'>fieri</span> <span class='ocrx_word' id='word_1_52' title='bbox 1274 710 1414 780; x_wconf 84' lang='lat' dir='ltr'>jubet</span> <span class='ocrx_word' id='word_1_53' title='bbox 1459 722 1542 764; x_wconf 90' lang='lat' dir='ltr'>aut</span> <span class='ocrx_word' id='word_1_54' title='bbox 1584 721 1734 779; x_wconf 82' lang='lat' dir='ltr'>vetat,</span> <span class='ocrx_word' id='word_1_55' title='bbox 1777 710 1853 763; x_wconf 92' lang='lat' dir='ltr'>in-</span> 
     </span>
     <span class='ocr_line' id='line_1_8' title="bbox 133 804 1854 881; baseline -0.002 -19"><span class='ocrx_word' id='word_1_56' title='bbox 133 808 266 864; x_wconf 87' lang='lat' dir='ltr'>dicta</span> <span class='ocrx_word' id='word_1_57' title='bbox 316 826 474 881; x_wconf 87' lang='lat' dir='ltr'>poena</span> <span class='ocrx_word' id='word_1_58' title='bbox 518 809 568 861; x_wconf 93' lang='lat' dir='ltr'>in</span> <span class='ocrx_word' id='word_1_59' title='bbox 611 826 716 875; x_wconf 77' lang='lat' dir='ltr'>eOS,</span> <span class='ocrx_word' id='word_1_60' title='bbox 760 808 845 879; x_wconf 86' lang='lat' dir='ltr'>qui</span> <span class='ocrx_word' id='word_1_61' title='bbox 890 817 1062 861; x_wconf 85' lang='lat' dir='ltr'>contra</span> <span class='ocrx_word' id='word_1_62' title='bbox 1108 804 1333 874; x_wconf 77' lang='lat' dir='ltr'>fecerint,</span> <span class='ocrx_word' id='word_1_63' title='bbox 1378 805 1854 860; x_wconf 83' lang='lat' dir='ltr'>excommunicatio-</span> 
     </span>
     <span class='ocr_line' id='line_1_9' title="bbox 131 898 1849 974; baseline -0.002 -19"><span class='ocrx_word' id='word_1_64' title='bbox 131 903 208 957; x_wconf 88' lang='lat' dir='ltr'>nis</span> <span class='ocrx_word' id='word_1_65' title='bbox 253 900 380 956; x_wconf 89' lang='lat' dir='ltr'>latae</span> <span class='ocrx_word' id='word_1_66' title='bbox 424 902 715 970; x_wconf 86' lang='lat' dir='ltr'>sententiae,</span> <span class='ocrx_word' id='word_1_67' title='bbox 751 912 797 955; x_wconf 93' lang='lat' dir='ltr'>et</span> <span class='ocrx_word' id='word_1_68' title='bbox 841 902 950 974; x_wconf 83' lang='lat' dir='ltr'>ipsa</span> <span class='ocrx_word' id='word_1_69' title='bbox 992 899 1074 954; x_wconf 86' lang='lat' dir='ltr'>lex</span> <span class='ocrx_word' id='word_1_70' title='bbox 1117 910 1190 954; x_wconf 84' lang='lat' dir='ltr'>est</span> <span class='ocrx_word' id='word_1_71' title='bbox 1234 899 1383 953; x_wconf 86' lang='lat' dir='ltr'>veluti</span> <span class='ocrx_word' id='word_1_72' title='bbox 1429 898 1538 953; x_wconf 91' lang='lat' dir='ltr'>loco</span> <span class='ocrx_word' id='word_1_73' title='bbox 1582 910 1849 972; x_wconf 78' lang='lat' dir='ltr'>perpetuae</span> 
     </span>
     <span class='ocr_line' id='line_1_10' title="bbox 130 992 1852 1066; baseline -0.002 -15"><span class='ocrx_word' id='word_1_74' title='bbox 130 998 460 1066; x_wconf 88' lang='lat' dir='ltr'>monitionis,</span> <span class='ocrx_word' id='word_1_75' title='bbox 505 1015 617 1051; x_wconf 82' lang='lat' dir='ltr'>cuin</span> <span class='ocrx_word' id='word_1_76' title='bbox 660 997 892 1051; x_wconf 90' lang='lat' dir='ltr'>omnibus</span> <span class='ocrx_word' id='word_1_77' title='bbox 944 995 1139 1066; x_wconf 85' lang='lat' dir='ltr'>objecta</span> <span class='ocrx_word' id='word_1_78' title='bbox 1201 996 1282 1050; x_wconf 85' lang='lat' dir='ltr'>sit.</span> <span class='ocrx_word' id='word_1_79' title='bbox 1345 992 1451 1061; x_wconf 79' lang='lat' dir='ltr'>Qui</span> <span class='ocrx_word' id='word_1_80' title='bbox 1511 1012 1629 1064; x_wconf 88' lang='lat' dir='ltr'>ergo</span> <span class='ocrx_word' id='word_1_81' title='bbox 1691 992 1852 1064; x_wconf 87' lang='lat' dir='ltr'>legem</span> 
     </span>
     <span class='ocr_line' id='line_1_11' title="bbox 131 1087 1853 1163; baseline -0.002 -17"><span class='ocrx_word' id='word_1_82' title='bbox 131 1092 352 1162; x_wconf 79' lang='lat' dir='ltr'>frangit,</span> <span class='ocrx_word' id='word_1_83' title='bbox 395 1110 493 1163; x_wconf 86' lang='lat' dir='ltr'>qua</span> <span class='ocrx_word' id='word_1_84' title='bbox 537 1092 629 1145; x_wconf 81' lang='lat' dir='ltr'>scit</span> <span class='ocrx_word' id='word_1_85' title='bbox 672 1091 1244 1146; x_wconf 77' lang='lat' dir='ltr'>excommunicationem</span> <span class='ocrx_word' id='word_1_86' title='bbox 1287 1088 1424 1143; x_wconf 90' lang='lat' dir='ltr'>illico</span> <span class='ocrx_word' id='word_1_87' title='bbox 1467 1100 1513 1143; x_wconf 86' lang='lat' dir='ltr'>et</span> <span class='ocrx_word' id='word_1_88' title='bbox 1555 1090 1666 1161; x_wconf 88' lang='lat' dir='ltr'>ipso</span> <span class='ocrx_word' id='word_1_89' title='bbox 1720 1087 1853 1143; x_wconf 89' lang='lat' dir='ltr'>facto</span> 
     </span>
     <span class='ocr_line' id='line_1_12' title="bbox 133 1182 1857 1258; baseline -0.002 -18"><span class='ocrx_word' id='word_1_90' title='bbox 133 1187 351 1256; x_wconf 89' lang='lat' dir='ltr'>irrogari</span> <span class='ocrx_word' id='word_1_91' title='bbox 378 1187 429 1239; x_wconf 92' lang='lat' dir='ltr'>in</span> <span class='ocrx_word' id='word_1_92' title='bbox 456 1204 561 1254; x_wconf 66' lang='grc' dir='ltr'>θος,</span> <span class='ocrx_word' id='word_1_93' title='bbox 591 1186 677 1258; x_wconf 85' lang='lat' dir='ltr'>qni</span> <span class='ocrx_word' id='word_1_94' title='bbox 712 1204 811 1239; x_wconf 93' lang='lat' dir='ltr'>non</span> <span class='ocrx_word' id='word_1_95' title='bbox 855 1184 1330 1257; x_wconf 81' lang='lat' dir='ltr'>obtemperaverint,</span> <span class='ocrx_word' id='word_1_96' title='bbox 1359 1184 1402 1238; x_wconf 85' lang='lat' dir='ltr'>is</span> <span class='ocrx_word' id='word_1_97' title='bbox 1446 1182 1669 1256; x_wconf 88' lang='lat' dir='ltr'>profecto</span> <span class='ocrx_word' id='word_1_98' title='bbox 1713 1201 1857 1238; x_wconf 90' lang='lat' dir='ltr'>suam</span> 
     </span>
     <span class='ocr_line' id='line_1_13' title="bbox 132 1276 1858 1351; baseline -0.003 -15"><span class='ocrx_word' id='word_1_99' title='bbox 132 1283 538 1350; x_wconf 75' lang='lat' dir='ltr'>contumaciam,</span> <span class='ocrx_word' id='word_1_100' title='bbox 599 1293 645 1334; x_wconf 86' lang='lat' dir='ltr'>et</span> <span class='ocrx_word' id='word_1_101' title='bbox 705 1279 959 1335; x_wconf 87' lang='lat' dir='ltr'>Ecclesiae</span> <span class='ocrx_word' id='word_1_102' title='bbox 1011 1290 1348 1351; x_wconf 84' lang='lat' dir='ltr'>contemptum</span> <span class='ocrx_word' id='word_1_103' title='bbox 1394 1279 1515 1333; x_wconf 85' lang='lat' dir='ltr'>satis</span> <span class='ocrx_word' id='word_1_104' title='bbox 1559 1289 1728 1350; x_wconf 91' lang='lat' dir='ltr'>aperte</span> <span class='ocrx_word' id='word_1_105' title='bbox 1773 1276 1858 1331; x_wconf 88' lang='lat' dir='ltr'>de-</span> 
     </span>
     <span class='ocr_line' id='line_1_14' title="bbox 131 1371 1853 1447; baseline -0.002 -18"><span class='ocrx_word' id='word_1_106' title='bbox 131 1376 307 1444; x_wconf 84' lang='lat' dir='ltr'>clarat,</span> <span class='ocrx_word' id='word_1_107' title='bbox 334 1386 381 1429; x_wconf 88' lang='lat' dir='ltr'>et</span> <span class='ocrx_word' id='word_1_108' title='bbox 423 1385 662 1447; x_wconf 90' lang='lat' dir='ltr'>quantum</span> <span class='ocrx_word' id='word_1_109' title='bbox 706 1373 769 1427; x_wconf 85' lang='lat' dir='ltr'>ad</span> <span class='ocrx_word' id='word_1_110' title='bbox 814 1371 979 1427; x_wconf 86' lang='lat' dir='ltr'>forum</span> <span class='ocrx_word' id='word_1_111' title='bbox 1024 1373 1274 1425; x_wconf 85' lang='lat' dir='ltr'>internum</span> <span class='ocrx_word' id='word_1_112' title='bbox 1318 1373 1549 1445; x_wconf 81' lang='lat' dir='ltr'>pertinet,</span> <span class='ocrx_word' id='word_1_113' title='bbox 1593 1383 1639 1425; x_wconf 85' lang='lat' dir='ltr'>et</span> <span class='ocrx_word' id='word_1_114' title='bbox 1682 1390 1853 1426; x_wconf 89' lang='lat' dir='ltr'>coram</span> 
     </span>
     <span class='ocr_line' id='line_1_15' title="bbox 130 1464 1851 1535; baseline -0.003 -11"><span class='ocrx_word' id='word_1_115' title='bbox 130 1468 236 1524; x_wconf 90' lang='lat' dir='ltr'>Deo</span> <span class='ocrx_word' id='word_1_116' title='bbox 279 1468 797 1522; x_wconf 79' lang='lat' dir='ltr'>excommunicatione</span> <span class='ocrx_word' id='word_1_117' title='bbox 840 1467 1102 1535; x_wconf 67' lang='lat' dir='ltr'>irretitur,</span> <span class='ocrx_word' id='word_1_118' title='bbox 1147 1464 1234 1520; x_wconf 83' lang='lat' dir='ltr'>sed</span> <span class='ocrx_word' id='word_1_119' title='bbox 1279 1468 1329 1520; x_wconf 92' lang='lat' dir='ltr'>in</span> <span class='ocrx_word' id='word_1_120' title='bbox 1373 1465 1483 1520; x_wconf 87' lang='lat' dir='ltr'>foro</span> <span class='ocrx_word' id='word_1_121' title='bbox 1527 1477 1759 1534; x_wconf 88' lang='lat' dir='ltr'>externo,</span> <span class='ocrx_word' id='word_1_122' title='bbox 1804 1477 1851 1519; x_wconf 84' lang='lat' dir='ltr'>et</span> 
     </span>
     <span class='ocr_line' id='line_1_16' title="bbox 127 1558 1851 1628; baseline -0.002 -10"><span class='ocrx_word' id='word_1_123' title='bbox 127 1581 297 1618; x_wconf 91' lang='lat' dir='ltr'>coram</span> <span class='ocrx_word' id='word_1_124' title='bbox 340 1560 632 1615; x_wconf 86' lang='lat' dir='ltr'>hominibus</span> <span class='ocrx_word' id='word_1_125' title='bbox 676 1579 774 1615; x_wconf 90' lang='lat' dir='ltr'>non</span> <span class='ocrx_word' id='word_1_126' title='bbox 819 1572 892 1615; x_wconf 84' lang='lat' dir='ltr'>est</span> <span class='ocrx_word' id='word_1_127' title='bbox 934 1558 1197 1614; x_wconf 84' lang='lat' dir='ltr'>habendus</span> <span class='ocrx_word' id='word_1_128' title='bbox 1241 1561 1724 1628; x_wconf 82' lang='lat' dir='ltr'>excommunicatus,</span> <span class='ocrx_word' id='word_1_129' title='bbox 1751 1560 1851 1615; x_wconf 89' lang='lat' dir='ltr'>nisi</span> 
     </span>
     <span class='ocr_line' id='line_1_17' title="bbox 122 1653 1850 1730; baseline 0 -20"><span class='ocrx_word' id='word_1_130' title='bbox 122 1675 211 1730; x_wconf 89' lang='lat' dir='ltr'>per</span> <span class='ocrx_word' id='word_1_131' title='bbox 269 1655 455 1727; x_wconf 80' lang='lat' dir='ltr'>judicis</span> <span class='ocrx_word' id='word_1_132' title='bbox 517 1655 812 1709; x_wconf 81' lang='lat' dir='ltr'>sententiam</span> <span class='ocrx_word' id='word_1_133' title='bbox 872 1675 983 1709; x_wconf 85' lang='lat' dir='ltr'>reus</span> <span class='ocrx_word' id='word_1_134' title='bbox 1045 1654 1272 1708; x_wconf 87' lang='lat' dir='ltr'>criminis</span> <span class='ocrx_word' id='word_1_135' title='bbox 1326 1653 1548 1724; x_wconf 82' lang='lat' dir='ltr'>legitime</span> <span class='ocrx_word' id='word_1_136' title='bbox 1591 1653 1850 1727; x_wconf 82' lang='lat' dir='ltr'>probetur.</span> 
     </span>
     <span class='ocr_line' id='line_1_18' title="bbox 125 1747 1851 1821; baseline -0.001 -16"><span class='ocrx_word' id='word_1_137' title='bbox 125 1748 321 1805; x_wconf 85' lang='lat' dir='ltr'>Gerson</span> <span class='ocrx_word' id='word_1_138' title='bbox 380 1749 432 1802; x_wconf 94' lang='lat' dir='ltr'>in</span> <span class='ocrx_word' id='word_1_139' title='bbox 484 1759 628 1803; x_wconf 87' lang='lat' dir='ltr'>tract.</span> <span class='ocrx_word' id='word_1_140' title='bbox 686 1748 746 1801; x_wconf 86' lang='lat' dir='ltr'>de</span> <span class='ocrx_word' id='word_1_141' title='bbox 798 1750 899 1803; x_wconf 82' lang='lat' dir='ltr'>vita</span> <span class='ocrx_word' id='word_1_142' title='bbox 944 1749 1108 1821; x_wconf 79' lang='lat' dir='ltr'>spirit.</span> <span class='ocrx_word' id='word_1_143' title='bbox 1155 1748 1312 1802; x_wconf 87' lang='lat' dir='ltr'>anim.</span> <span class='ocrx_word' id='word_1_144' title='bbox 1358 1747 1470 1802; x_wconf 90' lang='lat' dir='ltr'>lect.</span> <span class='ocrx_word' id='word_1_145' title='bbox 1519 1750 1569 1802; x_wconf 77' lang='lat'>4.</span> <span class='ocrx_word' id='word_1_146' title='bbox 1616 1747 1851 1803; x_wconf 88' lang='lat' dir='ltr'>corollar.</span> 
     </span>
     <span class='ocr_line' id='line_1_19' title="bbox 136 1843 1858 1919; baseline -0.001 -20"><span class='ocrx_word' id='word_1_147' title='bbox 136 1849 226 1901; x_wconf 81' lang='lat'>14.</span> <span class='ocrx_word' id='word_1_148' title='bbox 272 1843 530 1919; x_wconf 88' lang='lat' dir='ltr'>praeclare</span> <span class='ocrx_word' id='word_1_149' title='bbox 573 1843 833 1913; x_wconf 84' lang='lat' dir='ltr'>observat,</span> <span class='ocrx_word' id='word_1_150' title='bbox 877 1844 1448 1898; x_wconf 82' lang='lat' dir='ltr'>excommunicationem</span> <span class='ocrx_word' id='word_1_151' title='bbox 1490 1843 1621 1898; x_wconf 88' lang='lat' dir='ltr'>latae</span> <span class='ocrx_word' id='word_1_152' title='bbox 1665 1854 1858 1898; x_wconf 86' lang='lat' dir='ltr'>senten-</span> 
     </span>
     <span class='ocr_line' id='line_1_20' title="bbox 123 1936 1859 2010; baseline -0.002 -15"><span class='ocrx_word' id='word_1_153' title='bbox 123 1941 222 1995; x_wconf 87' lang='lat' dir='ltr'>tiae</span> <span class='ocrx_word' id='word_1_154' title='bbox 275 1939 371 1994; x_wconf 92' lang='lat' dir='ltr'>hoc</span> <span class='ocrx_word' id='word_1_155' title='bbox 415 1938 644 2007; x_wconf 88' lang='lat' dir='ltr'>efficere,</span> <span class='ocrx_word' id='word_1_156' title='bbox 687 1948 743 1991; x_wconf 77' lang='lat' dir='ltr'>uc</span> <span class='ocrx_word' id='word_1_157' title='bbox 785 1937 967 2008; x_wconf 77' lang='lat' dir='ltr'>absque</span> <span class='ocrx_word' id='word_1_158' title='bbox 1002 1953 1243 2009; x_wconf 83' lang='lat' dir='ltr'>processu</span> <span class='ocrx_word' id='word_1_159' title='bbox 1285 1936 1390 1990; x_wconf 79' lang='lat' dir='ltr'>alio</span> <span class='ocrx_word' id='word_1_160' title='bbox 1427 1936 1723 2010; x_wconf 76' lang='lat' dir='ltr'>judiciali,</span> <span class='ocrx_word' id='word_1_161' title='bbox 1768 1947 1859 1992; x_wconf 81' lang='lat' dir='ltr'>aut</span> 
     </span>
     <span class='ocr_line' id='line_1_21' title="bbox 122 2030 1856 2105; baseline -0.002 -16"><span class='ocrx_word' id='word_1_162' title='bbox 122 2051 254 2089; x_wconf 76' lang='lat' dir='ltr'>nova</span> <span class='ocrx_word' id='word_1_163' title='bbox 288 2031 643 2087; x_wconf 76' lang='lat' dir='ltr'>constitutione</span> <span class='ocrx_word' id='word_1_164' title='bbox 681 2031 840 2104; x_wconf 76' lang='lat' dir='ltr'>possit</span> <span class='ocrx_word' id='word_1_165' title='bbox 886 2030 1064 2105; x_wconf 71' lang='lat' dir='ltr'>jucleec</span> <span class='ocrx_word' id='word_1_166' title='bbox 1115 2030 1286 2085; x_wconf 78' lang='lat' dir='ltr'>statim</span> <span class='ocrx_word' id='word_1_167' title='bbox 1319 2031 1539 2103; x_wconf 75' lang='lat' dir='ltr'>probato</span> <span class='ocrx_word' id='word_1_168' title='bbox 1579 2032 1736 2104; x_wconf 75' lang='lat' dir='ltr'>suem,</span> <span class='ocrx_word' id='word_1_169' title='bbox 1779 2031 1856 2087; x_wconf 77' lang='lat' dir='ltr'>rcel</span> 
     </span>
     <span class='ocr_line' id='line_1_22' title="bbox 126 2125 1857 2199; baseline 0 -18"><span class='ocrx_word' id='word_1_170' title='bbox 126 2128 423 2199; x_wconf 75' lang='lat' dir='ltr'>confessam,</span> <span class='ocrx_word' id='word_1_171' title='bbox 457 2127 593 2199; x_wconf 77' lang='lat' dir='ltr'>ferre</span> <span class='ocrx_word' id='word_1_172' title='bbox 629 2126 776 2199; x_wconf 81' lang='lat' dir='ltr'>juris</span> <span class='ocrx_word' id='word_1_173' title='bbox 818 2125 1143 2192; x_wconf 77' lang='lat' dir='ltr'>sententiam,</span> <span class='ocrx_word' id='word_1_174' title='bbox 1188 2136 1233 2180; x_wconf 79' lang='lat' dir='ltr'>et</span> <span class='ocrx_word' id='word_1_175' title='bbox 1277 2126 1509 2180; x_wconf 81' lang='lat' dir='ltr'>eamdem</span> <span class='ocrx_word' id='word_1_176' title='bbox 1548 2126 1813 2198; x_wconf 77' lang='lat' dir='ltr'>publicare</span> <span class='ocrx_word' id='word_1_177' title='bbox 1831 2148 1857 2197; x_wconf 83' lang='lat'>,-</span> 
     </span>
     <span class='ocr_line' id='line_1_23' title="bbox 124 2218 1857 2292; baseline -0.001 -16"><span class='ocrx_word' id='word_1_178' title='bbox 124 2240 227 2276; x_wconf 83' lang='lat' dir='ltr'>non</span> <span class='ocrx_word' id='word_1_179' title='bbox 286 2222 356 2276; x_wconf 85' lang='lat' dir='ltr'>sic</span> <span class='ocrx_word' id='word_1_180' title='bbox 416 2221 505 2275; x_wconf 86' lang='lat' dir='ltr'>ubi</span> <span class='ocrx_word' id='word_1_181' title='bbox 567 2237 781 2276; x_wconf 78' lang='lat' dir='ltr'>canones</span> <span class='ocrx_word' id='word_1_182' title='bbox 841 2229 998 2274; x_wconf 79' lang='lat' dir='ltr'>essent</span> <span class='ocrx_word' id='word_1_183' title='bbox 1050 2218 1212 2274; x_wconf 82' lang='lat' dir='ltr'>solum</span> <span class='ocrx_word' id='word_1_184' title='bbox 1252 2219 1497 2292; x_wconf 76' lang='lat' dir='ltr'>ferendae</span> <span class='ocrx_word' id='word_1_185' title='bbox 1540 2221 1857 2288; x_wconf 76' lang='lat' dir='ltr'>sententiae,</span> 
     </span>
     <span class='ocr_line' id='line_1_24' title="bbox 124 2314 1861 2389; baseline -0.001 -20"><span class='ocrx_word' id='word_1_186' title='bbox 124 2314 369 2387; x_wconf 79' lang='lat' dir='ltr'>quoniam</span> <span class='ocrx_word' id='word_1_187' title='bbox 411 2315 717 2369; x_wconf 77' lang='lat' dir='ltr'>monitiones</span> <span class='ocrx_word' id='word_1_188' title='bbox 760 2324 806 2368; x_wconf 79' lang='lat' dir='ltr'>et</span> <span class='ocrx_word' id='word_1_189' title='bbox 840 2331 1103 2387; x_wconf 77' lang='lat' dir='ltr'>processus</span> <span class='ocrx_word' id='word_1_190' title='bbox 1145 2314 1422 2369; x_wconf 80' lang='lat' dir='ltr'>secundum</span> <span class='ocrx_word' id='word_1_191' title='bbox 1449 2315 1693 2369; x_wconf 81' lang='lat' dir='ltr'>terminos</span> <span class='ocrx_word' id='word_1_192' title='bbox 1712 2315 1861 2389; x_wconf 82' lang='lat' dir='ltr'>juris</span> 
     </span>
     <span class='ocr_line' id='line_1_25' title="bbox 118 2408 1857 2482; baseline 0 -19"><span class='ocrx_word' id='word_1_193' title='bbox 118 2410 550 2482; x_wconf 77' lang='lat' dir='ltr'>perquirerentur</span> <span class='ocrx_word' id='word_1_194' title='bbox 592 2409 918 2482; x_wconf 79' lang='lat' dir='ltr'>multiplices,</span> <span class='ocrx_word' id='word_1_195' title='bbox 964 2408 1073 2464; x_wconf 89' lang='lat' dir='ltr'>Hac</span> <span class='ocrx_word' id='word_1_196' title='bbox 1117 2408 1178 2464; x_wconf 81' lang='lat' dir='ltr'>tle</span> <span class='ocrx_word' id='word_1_197' title='bbox 1222 2428 1274 2464; x_wconf 89' lang='lat' dir='ltr'>re</span> <span class='ocrx_word' id='word_1_198' title='bbox 1316 2429 1437 2482; x_wconf 87' lang='lat' dir='ltr'>prae</span> <span class='ocrx_word' id='word_1_199' title='bbox 1481 2411 1654 2465; x_wconf 87' lang='lat' dir='ltr'>ceteris</span> <span class='ocrx_word' id='word_1_200' title='bbox 1691 2409 1857 2480; x_wconf 88' lang='lat' dir='ltr'>legen-</span> 
     </span>
     <span class='ocr_line' id='line_1_26' title="bbox 128 2502 1851 2578; baseline 0.002 -21"><span class='ocrx_word' id='word_1_201' title='bbox 128 2504 221 2559; x_wconf 86' lang='lat' dir='ltr'>dus</span> <span class='ocrx_word' id='word_1_202' title='bbox 284 2516 358 2560; x_wconf 89' lang='lat' dir='ltr'>est</span> <span class='ocrx_word' id='word_1_203' title='bbox 406 2503 721 2578; x_wconf 88' lang='lat' dir='ltr'>Theophilus</span> <span class='ocrx_word' id='word_1_204' title='bbox 766 2503 1080 2574; x_wconf 84' lang='lat' dir='ltr'>Raynaudus</span> <span class='ocrx_word' id='word_1_205' title='bbox 1123 2503 1184 2558; x_wconf 88' lang='lat' dir='ltr'>(le</span> <span class='ocrx_word' id='word_1_206' title='bbox 1226 2502 1409 2560; x_wconf 87' lang='lat' dir='ltr'>Monit.</span> <span class='ocrx_word' id='word_1_207' title='bbox 1454 2503 1574 2558; x_wconf 91' lang='lat' dir='ltr'>eccl.</span> <span class='ocrx_word' id='word_1_208' title='bbox 1620 2515 1749 2577; x_wconf 88' lang='lat' dir='ltr'>part.</span> <span class='ocrx_word' id='word_1_209' title='bbox 1800 2507 1851 2560; x_wconf 79' lang='lat'>2.</span> 
     </span>
     <span class='ocr_line' id='line_1_27' title="bbox 129 2601 781 2674; baseline 0.005 -22"><span class='ocrx_word' id='word_1_210' title='bbox 129 2618 172 2654; x_wconf 88' lang='lat' dir='ltr'>c.</span> <span class='ocrx_word' id='word_1_211' title='bbox 222 2602 313 2655; x_wconf 71' lang='grc' dir='ltr'>ΞΟ.</span> <span class='ocrx_word' id='word_1_212' title='bbox 359 2618 475 2674; x_wconf 87' lang='lat' dir='ltr'>opp.</span> <span class='ocrx_word' id='word_1_213' title='bbox 521 2610 642 2654; x_wconf 88' lang='lat' dir='ltr'>tom.</span> <span class='ocrx_word' id='word_1_214' title='bbox 692 2601 781 2655; x_wconf 81' lang='lat'>14.</span> 
     </span>
    </p>

    <p class='ocr_par' dir='ltr' id='par_1_3' title="bbox 129 2690 1850 2953">
     <span class='ocr_line' id='line_1_28' title="bbox 207 2690 1850 2768; baseline 0.001 -22"><span class='ocrx_word' id='word_1_215' title='bbox 207 2691 357 2749; x_wconf 90' lang='lat' dir='ltr'>Initio</span> <span class='ocrx_word' id='word_1_216' title='bbox 410 2693 633 2749; x_wconf 86' lang='lat' dir='ltr'>diximus</span> <span class='ocrx_word' id='word_1_217' title='bbox 676 2706 970 2768; x_wconf 86' lang='lat' dir='ltr'>potestatem</span> <span class='ocrx_word' id='word_1_218' title='bbox 1015 2692 1484 2750; x_wconf 85' lang='lat' dir='ltr'>excommunicandi</span> <span class='ocrx_word' id='word_1_219' title='bbox 1527 2690 1850 2748; x_wconf 85' lang='lat' dir='ltr'>Antistitibus</span> 
     </span>
     <span class='ocr_line' id='line_1_29' title="bbox 132 2783 1849 2862; baseline 0.002 -23"><span class='ocrx_word' id='word_1_220' title='bbox 132 2785 403 2857; x_wconf 88' lang='lat' dir='ltr'>Ecclesiae,</span> <span class='ocrx_word' id='word_1_221' title='bbox 430 2788 619 2843; x_wconf 91' lang='lat' dir='ltr'>scilicet</span> <span class='ocrx_word' id='word_1_222' title='bbox 662 2787 947 2862; x_wconf 80' lang='lat' dir='ltr'>EpiscopiS,</span> <span class='ocrx_word' id='word_1_223' title='bbox 973 2808 1130 2860; x_wconf 88' lang='lat' dir='ltr'>eoque</span> <span class='ocrx_word' id='word_1_224' title='bbox 1174 2788 1333 2857; x_wconf 86' lang='lat' dir='ltr'>magis</span> <span class='ocrx_word' id='word_1_225' title='bbox 1378 2783 1632 2842; x_wconf 81' lang='lat' dir='ltr'>Antistitis</span> <span class='ocrx_word' id='word_1_226' title='bbox 1679 2806 1849 2860; x_wconf 86' lang='lat' dir='ltr'>supre-</span> 
     </span>
     <span class='ocr_line' id='line_1_30' title="bbox 129 2878 1850 2953; baseline 0.001 -19"><span class='ocrx_word' id='word_1_227' title='bbox 129 2899 208 2935; x_wconf 83' lang='lat' dir='ltr'>nio</span> <span class='ocrx_word' id='word_1_228' title='bbox 261 2878 494 2937; x_wconf 88' lang='lat' dir='ltr'>Romano</span> <span class='ocrx_word' id='word_1_229' title='bbox 545 2881 783 2938; x_wconf 84' lang='lat' dir='ltr'>Pontifici</span> <span class='ocrx_word' id='word_1_230' title='bbox 828 2903 855 2937; x_wconf 87' lang='lat' dir='ltr'>a</span> <span class='ocrx_word' id='word_1_231' title='bbox 901 2881 1105 2939; x_wconf 87' lang='lat' dir='ltr'>Christo</span> <span class='ocrx_word' id='word_1_232' title='bbox 1167 2882 1336 2935; x_wconf 86' lang='lat' dir='ltr'>datam</span> <span class='ocrx_word' id='word_1_233' title='bbox 1398 2899 1537 2949; x_wconf 89' lang='lat' dir='ltr'>esse,</span> <span class='ocrx_word' id='word_1_234' title='bbox 1600 2880 1664 2936; x_wconf 88' lang='lat' dir='ltr'>ad</span> <span class='ocrx_word' id='word_1_235' title='bbox 1727 2900 1850 2953; x_wconf 83' lang='lat' dir='ltr'>quos</span> 
     </span>
    </p>
   </div>
  </div>
 </body>
</html>
