2114 3289
606 106 651 181 ᾗ.
703 128 854 166 xxxl.
905 130 965 164 DE
1007 124 1146 166 v'rrlo
1190 128 1394 165 FORMAE
1719 117 1745 165 7
1757 116 1788 167 3

152 248 260 306 tur,
305 236 470 310 plures
513 233 756 290 Doctores
801 232 1033 288 dubitant
1075 245 1241 288 utrum
1285 231 1525 288 Pontifex
1567 233 1674 289 sine
1718 253 1870 291 causa

149 332 308 404 possit
355 331 436 400 jus
479 329 761 401 quaesitum
806 326 1038 396 auferre,
1084 340 1130 382 et
1172 328 1365 383 idcirco
1409 328 1653 401 rescripta
1696 329 1874 398 hujus-

135 425 311 493 modi,
370 425 516 495 siqua
581 420 819 477 Pontifex
878 421 1006 476 forte
1061 421 1294 491 dederit,
1356 441 1413 477 eo
1459 424 1627 477 animo
1671 422 1872 477 dedisse

136 519 350 587 videtur,
387 529 438 571 ut
480 516 710 571 effectum
754 528 1194 588 consequerentur,
1238 518 1301 585 si,
1345 528 1392 571 et
1441 528 1684 589 quatenus
1727 536 1873 590 prae-

133 613 381 683 judicium
425 612 559 666 tertii
603 611 752 665 vitari
798 621 982 683 posset.
1034 606 1116 665 4⁰
1162 608 1218 664 Si
1256 610 1493 665 clausulis
1526 611 1864 681 derogatoriis

132 725 231 760 non
275 707 374 760 sint
417 706 629 760 munita.
677 703 850 776 Itaque
894 704 937 757 si
981 705 1284 777 rescriptum
1327 705 1427 773 juri
1470 706 1725 760 communi
1752 724 1871 759 con-

130 802 345 854 trarium
399 801 498 867 sit,
542 800 702 872 ipsius
745 799 872 869 juris
920 798 1106 852 mentio
1151 809 1198 852 et
1242 798 1502 868 derogatio
1548 798 1866 872 postulatur,

134 908 187 949 ut
230 907 492 969 appareat,
536 893 774 949 Pontifici
819 894 1113 949 rescribenti
1156 906 1202 948 et
1245 896 1486 949 contrarii
1529 896 1657 964 juris
1702 896 1866 949 scien-

139 993 301 1059 tiam,
344 1002 391 1045 et
434 991 739 1044 voluntatem
784 988 1063 1059 derogandi
1108 1008 1206 1044 non
1251 988 1491 1044 defuisse.
1544 987 1869 1062 Quapropter

142 1083 536 1141 Constitutiones
597 1084 854 1154 generales
916 1104 943 1138 a
1006 1085 1261 1156 rescriptis
1322 1085 1370 1138 in
1433 1085 1528 1138 hoc
1591 1083 1866 1152 differunt,

137 1180 274 1250 quod
318 1178 568 1250 Pontifeoe
607 1177 1027 1233 Constitutionem
1053 1178 1318 1231 condendo
1337 1177 1699 1249 posteriorem,
1720 1178 1867 1248 prio-

135 1292 284 1340 rem,
329 1272 559 1344 quamvis
602 1273 663 1326 tle
706 1273 820 1344 'ipsa
863 1271 1168 1325 mentionem
1213 1290 1314 1324 non>
1363 1271 1561 1343 faciat,
1622 1290 1862 1326 revocare

136 1379 380 1422 noscatur
431 1365 576 1442 (cap.
622 1366 760 1420 Licet
787 1367 848 1420 de
876 1364 1050 1421 Const.
1079 1368 1131 1420 in
1177 1363 1277 1436 6),
1320 1367 1409 1419 secl
1452 1366 1697 1438 rescripta
1741 1368 1869 1423 data

136 1476 317 1519 contra
373 1465 529 1534 leqem
592 1482 696 1516 non
754 1465 964 1528 calent,
1025 1461 1125 1515 nisi
1171 1462 1226 1515 in
1272 1461 1395 1535 ipsis
1433 1463 1529 1536 fiat
1572 1463 1758 1517 mentio
1802 1465 1864 1518 de

140 1560 264 1630 leqe,
295 1571 345 1614 ut
371 1571 510 1615 notat
556 1556 740 1614 Glossa
785 1559 834 1612 in
877 1558 1011 1613 idem
1055 1569 1204 1632 caput
1246 1558 1312 1612 ad
1356 1559 1562 1613 verbnm
1605 1570 1866 1615 noscatur.

220 1653 321 1709 Sed
366 1655 594 1726 quaestio
638 1665 711 1708 est
753 1672 816 1708 an
861 1653 1123 1724 derogatio
1166 1653 1414 1724 generalis
1443 1653 1730 1708 Contrariis
1755 1653 1868 1725 qui-

132 1749 441 1819 buscumque
487 1766 588 1801 non
633 1748 944 1802 obstantibus
987 1749 1222 1816 sufficiat,
1267 1767 1330 1802 an
1374 1748 1609 1822 specifica
1652 1749 1868 1820 deroga-

133 1845 266 1898 tione
329 1861 453 1917 opus
497 1844 599 1912 sit,
642 1862 722 1899 eX.
768 1862 846 1913 gr.
895 1845 1014 1897 Non
1057 1844 1283 1897 obstante
1327 1842 1694 1897 Constitutione
1737 1847 1866 1898 Con-

132 1937 240 1991 citit
300 1937 680 1994 LateranensiS.
740 1937 858 2005 Qua
902 1940 954 1992 in
997 1957 1049 1992 re
1092 1937 1514 2011 praemittendum
1557 1950 1666 2006 est,
1709 1958 1867 2012 usque

132 2033 197 2087 ad
260 2033 515 2088 saeculnm
578 2031 710 2086 XIII
761 2052 874 2088 euin
918 2051 1108 2088 morem
1152 2033 1203 2086 in
1246 2031 1480 2087 Romana
1523 2032 1749 2088 Ecclesia
1795 2036 1868 2089 vi-

131 2128 336 2197 guisse,
383 2139 435 2180 ut
476 2128 528 2180 in
584 2128 840 2201 rescriptis
905 2128 1119 2200 aliisque
1181 2124 1676 2197 Constitutionihus,
1739 2148 1865 2201 quae

131 2222 233 2291 juri
294 2223 549 2276 communi
610 2232 694 2276 aut
756 2219 1000 2276 Conciliis
1061 2221 1379 2292 generalibus
1443 2221 1863 2291 adversarentur,

136 2315 359 2371 clausula
420 2315 654 2389 specialis
716 2315 1061 2386 derogationis
1118 2334 1374 2388 nunquam
1428 2328 1513 2370 aut
1556 2336 1672 2371 raro
1717 2316 1866 2371 adhi-

134 2411 369 2480 beretur,
431 2411 566 2482 quod
617 2409 919 2466 Passerinus
967 2410 1279 2466 demonstrat
1322 2411 1388 2465 ad
1432 2423 1580 2485 caput
1622 2412 1760 2466 Licet
1802 2411 1864 2467 de

137 2503 310 2561 Const.
363 2507 415 2561 in
472 2509 523 2562 6.
587 2504 686 2563 Sed
739 2517 1007 2579 postquam
1052 2504 1372 2561 Innocentius
1418 2505 1495 2560 III
1538 2509 1588 2561 in
1633 2504 1863 2564 Concilio

136 2600 356 2669 generali
414 2598 741 2655 Lateranensi
803 2602 992 2670 statuit,
1036 2619 1097 2655 ne
1148 2600 1260 2671 quis
1301 2602 1446 2655 *ultra
1488 2601 1616 2654 (luas
1661 2600 1859 2656 diaetas

136 2705 286 2748 (κείνα
344 2712 492 2749 suain
551 2687 835 2748 Dioeeesiin
878 2713 976 2767 >per
1016 2694 1214 2750 litteras
1258 2695 1560 2766 apostolicas
1604 2695 1674 2748 ad
1710 2695 1863 2769 judi-

137 2787 268 2841 cium
314 2788 450 2842 tralti
483 2800 671 2861 posset,
699 2789 798 2843 nisi
840 2789 902 2843 de
945 2807 1153 2844 assensu
1189 2789 1420 2862 partium
1465 2789 1661 2860 fuerint
1703 2790 1861 2862 impe-

138 2893 323 2948 tratae,
350 2883 427 2937 vel
453 2902 752 2954 expressam
796 2885 858 2938 (Ie
902 2884 1014 2956 ipsa
1059 2882 1430 2938 Constitutione
1470 2884 1681 2955 fecerint
1725 2903 1860 2939 men-
