2114 3289
367 154 437 205 30
682 170 771 204 mss.
802 170 834 203 1.
862 166 977 204 GAP.
1006 167 1039 203 1.
1074 166 1133 203 DE
1161 167 1315 205 STATu
1345 167 1610 206 EGGLESIAE

276 286 328 319 ac
363 273 724 332 Magistratuum
760 270 972 318 civilium
1008 269 1259 330 implorare
1296 273 1656 328 auctoritatem,
1693 283 1785 331 qua
1827 273 2009 332 improm

276 352 437 400 borum
474 354 714 399 hominum
750 351 1050 397 contumacia
1085 350 1352 410 frangatur,
1375 353 1454 399 sed
1488 354 1638 411 ipsam
1674 354 1764 399 sibi
1788 353 2011 413 infligen-

272 435 358 481 dae
407 445 585 492 poenae
633 431 907 489 temporalis
957 438 1241 489 potestatem
1289 431 1431 478 ullam
1467 445 1686 493 arrogare
1721 447 1816 481 non
1852 447 2006 493 posse.

272 515 555 567 Enimvero,
610 519 662 558 111
719 508 885 569 ajunt,
923 519 1133 571 potestas
1169 512 1324 558 omnis
1375 513 1700 561 ecclesiastica
1750 515 2013 574 spiritualis

272 603 372 649 cst3
421 593 629 650 illudque
678 599 908 651 usurpant
944 593 990 639 S.
1029 593 1358 650 Chrysostomi
1408 593 1585 640 dictum
1634 596 1684 641 in
1727 595 1852 642 hom.
1890 595 1919 640 4
1954 595 2011 641 de

273 677 427 722 verbis
462 674 641 720 Isaiae:
683 672 794 733 Reqi
827 687 1022 735 corpora
1056 672 1302 720 commissa
1337 678 1473 733 sunt,
1510 673 1753 722 Sacerdoti
1787 674 2010 732 animae;

269 770 360 803 rex
409 754 615 800 maculas
663 769 907 816 corporum
951 753 1183 810 remittit,
1219 752 1445 801 Sacerdos
1478 761 1634 803 autem
1666 756 1874 803 maculas
1903 770 2013 818 pec-

269 843 479 884 catorum
497 852 512 880 .·
551 835 640 893 ille
666 836 805 897 coqit,
842 835 917 882 hic
952 834 1268 883 exhortatur:
1305 834 1385 883 ille
1419 836 1710 893 necessitate,
1745 835 1820 883 hic
1862 837 2011 885 libera

270 917 541 964 voluntate:
591 916 672 964 ille
719 916 853 964 habet
902 931 1038 963 arma
1083 916 1363 976 sensibilia,
1414 916 1488 964 hic
1536 931 1671 964 arma
1713 917 2005 980 spiritualia.

273 998 519 1047 Proscrunt
554 1000 697 1046 etiam
733 1006 878 1058 caput
906 993 976 1045 '10
1000 999 1057 1045 de
1078 996 1294 1057 judiciiS,
1318 1000 1399 1046 ubi
1422 999 1715 1046 Caelestinus
1752 1001 1815 1046 III
1851 1007 2011 1060 aperte

270 1079 424 1127 fassus
459 1087 546 1135 est,
574 1093 805 1126 summum
842 1080 1150 1126 coercitionis
1185 1093 1354 1139 genus,
1378 1093 1470 1138 quo
1508 1081 1578 1127 uti
1600 1081 1813 1127 Ecclesia
1835 1086 2009 1140 potest,

272 1162 813 1209 excommunicationem
850 1175 970 1218 esse,
996 1173 1049 1208 ac
1084 1161 1205 1207 1111111
1240 1168 1485 1221 praeterea
1520 1161 1710 1217 habere,
1733 1162 1856 1220 quod
1891 1162 2014 1209 ultra

270 1243 432 1290 saciat.
471 1243 525 1289 Si
559 1241 786 1299 Clericus,
824 1243 1002 1301 inquit,
1026 1241 1080 1288 in
1115 1256 1396 1305 quocumque
1431 1240 1597 1290 ordine
1631 1241 1934 1302 constitutus,
1957 1242 2012 1289 in

271 1323 432 1385 farto,
469 1323 540 1371 vel
575 1322 857 1381 homicidia,
893 1322 964 1369 vel
994 1323 1237 1386 perjitrio,
1273 1337 1354 1371 seu
1386 1322 1483 1369 alio
1516 1313 1715 1370 c‘rimine
1749 1321 1899 1384 faerit
1932 1321 2013 1370 de-

265 1405 520 1468 prehensus
556 1404 758 1466 leyitime
779 1441 794 1463 ,
831 1410 967 1466 atque
1003 1405 1271 1463 convictus,
1308 1404 1364 1450 ab
1399 1403 1710 1452 ecclesiastico
1735 1403 1898 1467 judice
1931 1402 2012 1451 de-

263 1485 509 1549 ponendus
555 1492 639 1533 est.
690 1484 824 1542 Quod
870 1486 914 1531 si
955 1484 1191 1547 depositus
1225 1484 1570 1548 incorriqibilis
1604 1484 1786 1547 faerit,
1822 1499 2013 1533 00000111-

268 1567 508 1614 municari
541 1565 695 1624 debet,
733 1564 899 1613 deinde
933 1566 1227 1613 contumacia
1263 1573 1523 1623 crescente,
1559 1565 1875 1613 anathematis
1907 1581 2012 1613 mtt-

267 1663 405 1696 crone
451 1648 596 1710 feriri
610 1664 631 1705 ,·
675 1646 969 1709 postmodum
1003 1661 1144 1706 ver0,
1181 1647 1224 1694 si
1258 1648 1312 1694 in
1340 1646 1636 1710 profundam
1669 1646 1900 1693 maloram
1933 1663 2013 1695 ve-

267 1730 426 1788 niens,
462 1728 811 1791 contempserit,
835 1743 937 1776 cam
973 1727 1182 1776 Ecclesia
1215 1743 1311 1776 non
1346 1728 1510 1775 habeat
1544 1728 1674 1775 ultra
1703 1727 1817 1791 quid
1837 1728 2009 1790 faciat,

268 1826 325 1858 ne
355 1810 508 1873 possit
544 1826 637 1859 esse
672 1810 803 1857 ultra
832 1809 1041 1873 perditio
1071 1809 1417 1873 plurimorum,
1448 1824 1536 1871 per
1570 1809 1855 1858 saecularem
1887 1825 2013 1857 com-

260 1890 541 1954 primendas
589 1899 655 1939 est
696 1898 973 1954 potestatem
990 1928 1007 1950 ,
1052 1892 1124 1938 ita
1158 1890 1278 1955 quod
1312 1891 1356 1939 ei
1389 1889 1636 1954 deputetur
1669 1890 1873 1939 emiliam
1888 1927 1905 1951 ,
1940 1891 2012 1938 vel

266 1973 367 2020 alia
402 1972 611 2034 legitima
639 1988 792 2036 poena
826 1973 1086 2035 inferatur.

330 2057 506 2102 Contra
540 2070 649 2102 vcro
685 2057 902 2103 doctores
938 2057 1021 2101 alii
1059 2056 1252 2102 omnino
1289 2063 1477 2116 putant,
1501 2056 1681 2101 nullum
1707 2068 1806 2101 esse
1828 2067 2008 2114 poenae

268 2149 449 2196 genuS,
485 2150 577 2195 quo
628 2137 843 2183 Ecclesia
892 2135 998 2195 jure
1050 2149 1133 2184 suo
1182 2138 1233 2183 in
1282 2144 1442 2184 sontes
1490 2136 1864 2183 animadvertere
1912 2149 2007 2182 non

269 2218 450 2276 possit,
500 2225 786 2276 quapropter
829 2220 950 2264 bona
986 2218 1294 2278 temporalia,
1331 2217 1534 2274 famam,
1571 2215 1676 2276 jura
1711 2225 1808 2264 tum
1846 2229 2011 2263 mune-

266 2311 399 2353 rum,
438 2305 535 2344 tum
573 2300 955 2354 successionum,
996 2300 1139 2345 vitam
1183 2301 1333 2358 ipsam
1381 2299 1733 2347 ecclesiasticae
1782 2299 2008 2357 potestati

267 2377 556 2437 subjiciunt3
594 2392 738 2440 neque
774 2378 898 2424 enim
934 2385 1067 2436 esset,
1092 2381 1249 2439 inquit
1283 2382 1488 2427 Joannes
1522 2381 1577 2427 dc
1601 2379 1846 2427 Dicastillo
1870 2385 2007 2424 tract.

267 2461 322 2506 dc
359 2474 486 2506 cens.
524 2461 644 2519 disp.
689 2461 733 2515 1,
772 2459 890 2505 satis
925 2459 1158 2507 Ecclesiae
1187 2460 1451 2522 provisam,
1489 2461 1531 2507 si
1567 2466 1744 2507 careret
1782 2464 2009 2522 potestate

260 2539 497 2601 puniendi
536 2555 689 2602 poena
737 2540 1015 2602 temporali,
1054 2549 1101 2588 01
1147 2543 1365 2602 Pirrhing
1397 2544 1494 2590 Jur.
1534 2543 1647 2590 cccl.
1683 2542 1763 2587 lib.
1800 2544 1827 2586 5
1865 2541 1940 2586 tit.
1979 2541 2007 2585 7

268 2629 381 2669 sect.
420 2623 447 2667 3
485 2636 614 2668 num.
653 2623 716 2668 92
752 2630 1036 2681 potestatem
1074 2624 1216 2668 etiam
1250 2637 1403 2682 poena
1439 2625 1604 2670 mortis
1639 2622 1904 2668 haereticos
1935 2622 2010 2667 af-

269 2704 457 2750 ficiendi
493 2705 734 2751 Ecclesiae
770 2705 954 2759 tribuit,
992 2703 1104 2765 quia
1139 2702 1282 2761 alias,
1321 2712 1371 2751 ut
1408 2705 1584 2761 subdit,
1620 2718 1715 2749 non
1743 2709 1895 2764 potest
1929 2717 2008 2749 re-

267 2783 401 2830 belles
450 2784 764 2833 inobedientes
806 2799 1041 2843 coercere,
1078 2791 1121 2832 et
1157 2799 1314 2832 eoram
1348 2784 1518 2831 delicta
1551 2784 1827 2840 vindicare,
1863 2799 2009 2846 neque

266 2865 468 2911 membra
507 2866 734 2927 putrida,
780 2874 916 2929 atque
950 2867 1103 2913 nomia
1139 2867 1227 2913 toti
1261 2867 1447 2927 corpori
1482 2881 1719 2925 resecare,
1756 2873 1807 2912 at
1837 2866 2007 2928 probat

268 2945 587 2995 Bellarminas
636 2947 714 2995 lib.
754 2950 780 2993 3
818 2947 870 2996 de
908 2948 1064 2997 Laicis
1113 2963 1212 3009 cap.
1256 2949 1308 2994 21
1353 2955 1394 2995 et
1432 2949 1524 3005 22,
1571 2964 1665 2995 non
1714 2956 1870 2997 tamen
1917 2948 2006 2994 Ec-
