<?xml version="1.0" encoding="UTF-8"?>
<!DOCTYPE html PUBLIC "-//W3C//DTD XHTML 1.0 Transitional//EN"
    "http://www.w3.org/TR/xhtml1/DTD/xhtml1-transitional.dtd">
<html xmlns="http://www.w3.org/1999/xhtml" xml:lang="en" lang="en">
 <head>
  <title>
</title>
<meta http-equiv="Content-Type" content="text/html;charset=utf-8" />
  <meta name='ocr-system' content='tesseract 3.04.00' />
  <meta name='ocr-capabilities' content='ocr_page ocr_carea ocr_par ocr_line ocrx_word'/>
</head>
<body>
  <div class='ocr_page' id='page_1' title='image "./joanniscardinali00sogl_0108.png"; bbox 0 0 2114 3289; ppageno 0'>
   <div class='ocr_carea' id='block_1_1' title="bbox 353 149 1680 202">
    <p class='ocr_par' dir='ltr' id='par_1_1' title="bbox 353 149 1680 202">
     <span class='ocr_line' id='line_1_1' title="bbox 353 149 1680 202; baseline -0.002 -1"><span class='ocrx_word' id='word_1_1' title='bbox 353 149 424 201; x_wconf 77' lang='grc'>90</span> <span class='ocrx_word' id='word_1_2' title='bbox 607 165 721 202; x_wconf 90' lang='lat' dir='ltr'>CAP.</span> <span class='ocrx_word' id='word_1_3' title='bbox 767 163 818 198; x_wconf 88' lang='grc' dir='ltr'>ΙΙ.</span> <span class='ocrx_word' id='word_1_4' title='bbox 866 162 926 197; x_wconf 86' lang='lat' dir='ltr'>DE</span> <span class='ocrx_word' id='word_1_5' title='bbox 970 161 1214 198; x_wconf 88' lang='lat' dir='ltr'>FONTIBUS</span> <span class='ocrx_word' id='word_1_6' title='bbox 1255 162 1393 199; x_wconf 81' lang='lat' dir='ltr'>JURIS</span> <span class='ocrx_word' id='word_1_7' title='bbox 1437 160 1680 199; x_wconf 76' lang='lat' dir='ltr'>CANONICI</span> 
     </span>
    </p>
   </div>
   <div class='ocr_carea' id='block_1_2' title="bbox 259 261 2012 2997">
    <p class='ocr_par' dir='ltr' id='par_1_2' title="bbox 259 261 2012 2109">
     <span class='ocr_line' id='line_1_2' title="bbox 262 261 2006 322; baseline -0.002 -8"><span class='ocrx_word' id='word_1_8' title='bbox 262 268 336 314; x_wconf 87' lang='lat' dir='ltr'>vel</span> <span class='ocrx_word' id='word_1_9' title='bbox 370 269 553 314; x_wconf 89' lang='lat' dir='ltr'>ratione</span> <span class='ocrx_word' id='word_1_10' title='bbox 588 261 896 319; x_wconf 76' lang='lat' dir='ltr'>collectionis,</span> <span class='ocrx_word' id='word_1_11' title='bbox 933 261 1006 308; x_wconf 85' lang='lat' dir='ltr'>vel</span> <span class='ocrx_word' id='word_1_12' title='bbox 1040 263 1224 309; x_wconf 89' lang='lat' dir='ltr'>ratione</span> <span class='ocrx_word' id='word_1_13' title='bbox 1260 261 1727 322; x_wconf 77' lang='lat' dir='ltr'><em>repraesentationis.</em></span> <span class='ocrx_word' id='word_1_14' title='bbox 1765 262 1856 310; x_wconf 84' lang='lat' dir='ltr'>Sed</span> <span class='ocrx_word' id='word_1_15' title='bbox 1891 265 2006 310; x_wconf 88' lang='lat' dir='ltr'>talis</span> 
     </span>
     <span class='ocr_line' id='line_1_3' title="bbox 259 341 2004 403; baseline -0.003 -8"><span class='ocrx_word' id='word_1_16' title='bbox 259 362 355 395; x_wconf 91' lang='lat' dir='ltr'>non</span> <span class='ocrx_word' id='word_1_17' title='bbox 391 356 462 395; x_wconf 87' lang='lat' dir='ltr'>est</span> <span class='ocrx_word' id='word_1_18' title='bbox 494 348 677 393; x_wconf 84' lang='lat' dir='ltr'>ratione</span> <span class='ocrx_word' id='word_1_19' title='bbox 714 344 1014 390; x_wconf 74' lang='lat' dir='ltr'>auctoritatis</span> <span class='ocrx_word' id='word_1_20' title='bbox 1049 344 1349 401; x_wconf 86' lang='lat' dir='ltr'>episcopalis,</span> <span class='ocrx_word' id='word_1_21' title='bbox 1381 345 1492 402; x_wconf 88' lang='lat' dir='ltr'>quia</span> <span class='ocrx_word' id='word_1_22' title='bbox 1528 345 1812 403; x_wconf 89' lang='lat' dir='ltr'>episcopalis</span> <span class='ocrx_word' id='word_1_23' title='bbox 1854 341 2004 402; x_wconf 84' lang='lat' dir='ltr'>juris-</span> 
     </span>
     <span class='ocr_line' id='line_1_4' title="bbox 260 424 2001 483; baseline -0.003 -7"><span class='ocrx_word' id='word_1_24' title='bbox 260 432 406 477; x_wconf 75' lang='lat' dir='ltr'>dictIo</span> <span class='ocrx_word' id='word_1_25' title='bbox 443 432 610 476; x_wconf 84' lang='lat' dir='ltr'>finibus</span> <span class='ocrx_word' id='word_1_26' title='bbox 643 427 946 480; x_wconf 80' lang='lat' dir='ltr'>dioecesium,</span> <span class='ocrx_word' id='word_1_27' title='bbox 970 426 1140 482; x_wconf 81' lang='lat' dir='ltr'>quibus</span> <span class='ocrx_word' id='word_1_28' title='bbox 1164 424 1390 483; x_wconf 85' lang='lat' dir='ltr'>praefecti</span> <span class='ocrx_word' id='word_1_29' title='bbox 1424 433 1551 482; x_wconf 91' lang='lat' dir='ltr'>sunt,</span> <span class='ocrx_word' id='word_1_30' title='bbox 1575 427 2001 482; x_wconf 74' lang='lat' dir='ltr'>circumscribitur,</span> 
     </span>
     <span class='ocr_line' id='line_1_5' title="bbox 265 507 2002 560; baseline -0.003 0"><span class='ocrx_word' id='word_1_31' title='bbox 265 527 322 560; x_wconf 75' lang='lat' dir='ltr'>ex</span> <span class='ocrx_word' id='word_1_32' title='bbox 358 513 512 558; x_wconf 84' lang='lat' dir='ltr'>indole</span> <span class='ocrx_word' id='word_1_33' title='bbox 550 523 655 555; x_wconf 81' lang='lat' dir='ltr'>vero</span> <span class='ocrx_word' id='word_1_34' title='bbox 693 516 739 554; x_wconf 89' lang='lat' dir='ltr'>et</span> <span class='ocrx_word' id='word_1_35' title='bbox 775 507 921 553; x_wconf 84' lang='lat' dir='ltr'>forma</span> <span class='ocrx_word' id='word_1_36' title='bbox 959 508 1253 554; x_wconf 78' lang='lat' dir='ltr'>hierarchiae</span> <span class='ocrx_word' id='word_1_37' title='bbox 1277 508 1507 554; x_wconf 80' lang='lat' dir='ltr'>divinitus</span> <span class='ocrx_word' id='word_1_38' title='bbox 1541 508 1787 555; x_wconf 87' lang='lat' dir='ltr'>institutae</span> <span class='ocrx_word' id='word_1_39' title='bbox 1812 509 2002 554; x_wconf 87' lang='lat' dir='ltr'>Summo</span> 
     </span>
     <span class='ocr_line' id='line_1_6' title="bbox 264 590 2007 649; baseline -0.003 -9"><span class='ocrx_word' id='word_1_40' title='bbox 264 594 475 639; x_wconf 85' lang='lat' dir='ltr'>Pontifici</span> <span class='ocrx_word' id='word_1_41' title='bbox 515 591 741 637; x_wconf 86' lang='lat' dir='ltr'>subiacet.</span> <span class='ocrx_word' id='word_1_42' title='bbox 794 591 895 635; x_wconf 80' lang='lat' dir='ltr'>Non</span> <span class='ocrx_word' id='word_1_43' title='bbox 946 590 1128 635; x_wconf 82' lang='lat' dir='ltr'>ratione</span> <span class='ocrx_word' id='word_1_44' title='bbox 1180 590 1496 643; x_wconf 80' lang='lat' dir='ltr'>collectioniS,</span> <span class='ocrx_word' id='word_1_45' title='bbox 1548 603 1656 635; x_wconf 90' lang='lat' dir='ltr'>nam</span> <span class='ocrx_word' id='word_1_46' title='bbox 1708 592 1856 637; x_wconf 89' lang='lat' dir='ltr'>nihilo</span> <span class='ocrx_word' id='word_1_47' title='bbox 1901 591 2007 649; x_wconf 88' lang='lat' dir='ltr'>plus</span> 
     </span>
     <span class='ocr_line' id='line_1_7' title="bbox 264 668 2006 732; baseline -0.002 -12"><span class='ocrx_word' id='word_1_48' title='bbox 264 674 484 732; x_wconf 74' lang='lat' dir='ltr'>Episcopi</span> <span class='ocrx_word' id='word_1_49' title='bbox 536 678 731 730; x_wconf 84' lang='lat' dir='ltr'>possunt</span> <span class='ocrx_word' id='word_1_50' title='bbox 781 671 826 715; x_wconf 88' lang='lat' dir='ltr'>in</span> <span class='ocrx_word' id='word_1_51' title='bbox 878 683 1020 715; x_wconf 86' lang='lat' dir='ltr'>unum</span> <span class='ocrx_word' id='word_1_52' title='bbox 1070 671 1284 725; x_wconf 76' lang='lat' dir='ltr'>collecti,</span> <span class='ocrx_word' id='word_1_53' title='bbox 1336 683 1476 728; x_wconf 87' lang='lat' dir='ltr'>quam</span> <span class='ocrx_word' id='word_1_54' title='bbox 1525 671 1708 729; x_wconf 83' lang='lat' dir='ltr'>possint</span> <span class='ocrx_word' id='word_1_55' title='bbox 1767 668 2006 729; x_wconf 80' lang='lat' dir='ltr'>sejuncti3</span> 
     </span>
     <span class='ocr_line' id='line_1_8' title="bbox 268 752 2004 810; baseline -0.001 -10"><span class='ocrx_word' id='word_1_56' title='bbox 268 754 526 800; x_wconf 87' lang='lat' dir='ltr'>materialis</span> <span class='ocrx_word' id='word_1_57' title='bbox 566 754 691 798; x_wconf 89' lang='lat' dir='ltr'>enim</span> <span class='ocrx_word' id='word_1_58' title='bbox 730 753 776 796; x_wconf 91' lang='lat' dir='ltr'>in</span> <span class='ocrx_word' id='word_1_59' title='bbox 806 764 948 797; x_wconf 89' lang='lat' dir='ltr'>unum</span> <span class='ocrx_word' id='word_1_60' title='bbox 983 752 1138 797; x_wconf 88' lang='lat' dir='ltr'>locum</span> <span class='ocrx_word' id='word_1_61' title='bbox 1175 752 1485 810; x_wconf 82' lang='lat' dir='ltr'>congregatio</span> <span class='ocrx_word' id='word_1_62' title='bbox 1521 753 1772 798; x_wconf 87' lang='lat' dir='ltr'>distinctas</span> <span class='ocrx_word' id='word_1_63' title='bbox 1795 753 1919 799; x_wconf 83' lang='lat' dir='ltr'>inter</span> <span class='ocrx_word' id='word_1_64' title='bbox 1956 766 2004 798; x_wconf 87' lang='lat' dir='ltr'>se</span> 
     </span>
     <span class='ocr_line' id='line_1_9' title="bbox 265 831 2000 893; baseline -0.001 -13"><span class='ocrx_word' id='word_1_65' title='bbox 265 842 522 893; x_wconf 78' lang='lat' dir='ltr'>potestates</span> <span class='ocrx_word' id='word_1_66' title='bbox 558 847 650 893; x_wconf 84' lang='lat' dir='ltr'>non</span> <span class='ocrx_word' id='word_1_67' title='bbox 687 831 958 891; x_wconf 82' lang='lat' dir='ltr'>conjungit,</span> <span class='ocrx_word' id='word_1_68' title='bbox 996 846 1148 890; x_wconf 85' lang='lat' dir='ltr'>neque</span> <span class='ocrx_word' id='word_1_69' title='bbox 1186 839 1316 878; x_wconf 79' lang='lat' dir='ltr'>extra</span> <span class='ocrx_word' id='word_1_70' title='bbox 1365 846 1473 878; x_wconf 89' lang='lat' dir='ltr'>suos</span> <span class='ocrx_word' id='word_1_71' title='bbox 1521 833 1699 878; x_wconf 90' lang='lat' dir='ltr'>limites</span> <span class='ocrx_word' id='word_1_72' title='bbox 1749 834 2000 890; x_wconf 84' lang='lat' dir='ltr'>protrahit.</span> 
     </span>
     <span class='ocr_line' id='line_1_10' title="bbox 265 914 2006 973; baseline -0.001 -12"><span class='ocrx_word' id='word_1_73' title='bbox 265 918 368 962; x_wconf 85' lang='lat' dir='ltr'>Non</span> <span class='ocrx_word' id='word_1_74' title='bbox 405 916 606 973; x_wconf 87' lang='lat' dir='ltr'>denique</span> <span class='ocrx_word' id='word_1_75' title='bbox 631 916 812 960; x_wconf 86' lang='lat' dir='ltr'>ratione</span> <span class='ocrx_word' id='word_1_76' title='bbox 837 914 1304 972; x_wconf 78' lang='lat' dir='ltr'>repraesentationis,</span> <span class='ocrx_word' id='word_1_77' title='bbox 1331 927 1437 959; x_wconf 87' lang='lat' dir='ltr'>nam</span> <span class='ocrx_word' id='word_1_78' title='bbox 1465 928 1520 960; x_wconf 82' lang='lat' dir='ltr'>ex</span> <span class='ocrx_word' id='word_1_79' title='bbox 1545 915 1781 960; x_wconf 87' lang='lat' dir='ltr'>sententia</span> <span class='ocrx_word' id='word_1_80' title='bbox 1819 915 1866 961; x_wconf 90' lang='lat' dir='ltr'>S.</span> <span class='ocrx_word' id='word_1_81' title='bbox 1892 915 2006 959; x_wconf 87' lang='lat' dir='ltr'>Am-</span> 
     </span>
     <span class='ocr_line' id='line_1_11' title="bbox 264 995 2008 1055; baseline -0.002 -11"><span class='ocrx_word' id='word_1_82' title='bbox 264 999 428 1052; x_wconf 86' lang='lat' dir='ltr'>brosii,</span> <span class='ocrx_word' id='word_1_83' title='bbox 464 1010 602 1055; x_wconf 85' lang='lat' dir='ltr'>quem</span> <span class='ocrx_word' id='word_1_84' title='bbox 641 1009 779 1054; x_wconf 86' lang='lat' dir='ltr'>supra</span> <span class='ocrx_word' id='word_1_85' title='bbox 817 996 1124 1041; x_wconf 82' lang='lat' dir='ltr'>laudavimus:</span> <span class='ocrx_word' id='word_1_86' title='bbox 1166 996 1252 1042; x_wconf 79' lang='lat' dir='ltr'>Ubi</span> <span class='ocrx_word' id='word_1_87' title='bbox 1289 996 1479 1053; x_wconf 79' lang='lat' dir='ltr'>Petrus,</span> <span class='ocrx_word' id='word_1_88' title='bbox 1506 995 1574 1041; x_wconf 76' lang='lat' dir='ltr'>ibi</span> <span class='ocrx_word' id='word_1_89' title='bbox 1597 996 1826 1052; x_wconf 82' lang='lat' dir='ltr'>Ecclesio;</span> <span class='ocrx_word' id='word_1_90' title='bbox 1865 997 2008 1042; x_wconf 89' lang='lat' dir='ltr'>adeo-</span> 
     </span>
     <span class='ocr_line' id='line_1_12' title="bbox 264 1077 2009 1136; baseline -0.001 -12"><span class='ocrx_word' id='word_1_91' title='bbox 264 1093 353 1136; x_wconf 87' lang='lat' dir='ltr'>que</span> <span class='ocrx_word' id='word_1_92' title='bbox 390 1080 427 1124; x_wconf 91' lang='lat' dir='ltr'>si</span> <span class='ocrx_word' id='word_1_93' title='bbox 465 1079 687 1136; x_wconf 78' lang='lat' dir='ltr'>Episcopi</span> <span class='ocrx_word' id='word_1_94' title='bbox 723 1078 772 1122; x_wconf 93' lang='lat' dir='ltr'>in</span> <span class='ocrx_word' id='word_1_95' title='bbox 809 1077 1021 1123; x_wconf 87' lang='lat' dir='ltr'>Concilio</span> <span class='ocrx_word' id='word_1_96' title='bbox 1059 1077 1247 1123; x_wconf 86' lang='lat' dir='ltr'>collecti</span> <span class='ocrx_word' id='word_1_97' title='bbox 1284 1091 1386 1123; x_wconf 92' lang='lat' dir='ltr'>cum</span> <span class='ocrx_word' id='word_1_98' title='bbox 1425 1078 1615 1124; x_wconf 86' lang='lat' dir='ltr'>Summo</span> <span class='ocrx_word' id='word_1_99' title='bbox 1660 1079 1879 1123; x_wconf 79' lang='lat' dir='ltr'>Pontifiee</span> <span class='ocrx_word' id='word_1_100' title='bbox 1931 1078 2009 1122; x_wconf 90' lang='lat' dir='ltr'>in-</span> 
     </span>
     <span class='ocr_line' id='line_1_13' title="bbox 264 1158 2008 1219; baseline -0.001 -15"><span class='ocrx_word' id='word_1_101' title='bbox 264 1161 567 1219; x_wconf 82' lang='lat' dir='ltr'>telligantur,</span> <span class='ocrx_word' id='word_1_102' title='bbox 619 1166 715 1204; x_wconf 90' lang='lat' dir='ltr'>tum</span> <span class='ocrx_word' id='word_1_103' title='bbox 763 1158 952 1216; x_wconf 83' lang='lat' dir='ltr'>quidem</span> <span class='ocrx_word' id='word_1_104' title='bbox 1002 1158 1263 1204; x_wconf 84' lang='lat' dir='ltr'>Ecclesiam</span> <span class='ocrx_word' id='word_1_105' title='bbox 1314 1159 1582 1204; x_wconf 83' lang='lat' dir='ltr'>universam</span> <span class='ocrx_word' id='word_1_106' title='bbox 1625 1166 2008 1216; x_wconf 79' lang='lat' dir='ltr'>repraesentant3</span> 
     </span>
     <span class='ocr_line' id='line_1_14' title="bbox 266 1239 2009 1298; baseline -0.002 -11"><span class='ocrx_word' id='word_1_107' title='bbox 266 1242 343 1287; x_wconf 91' lang='lat' dir='ltr'>sed</span> <span class='ocrx_word' id='word_1_108' title='bbox 395 1239 613 1286; x_wconf 76' lang='lat' dir='ltr'>Pontifex</span> <span class='ocrx_word' id='word_1_109' title='bbox 650 1241 698 1284; x_wconf 91' lang='lat' dir='ltr'>in</span> <span class='ocrx_word' id='word_1_110' title='bbox 736 1253 789 1285; x_wconf 90' lang='lat' dir='ltr'>eo</span> <span class='ocrx_word' id='word_1_111' title='bbox 840 1252 949 1286; x_wconf 90' lang='lat' dir='ltr'>casu</span> <span class='ocrx_word' id='word_1_112' title='bbox 1001 1252 1152 1296; x_wconf 81' lang='lat' dir='ltr'>neque</span> <span class='ocrx_word' id='word_1_113' title='bbox 1205 1252 1346 1298; x_wconf 85' lang='lat' dir='ltr'>supra</span> <span class='ocrx_word' id='word_1_114' title='bbox 1399 1239 1664 1285; x_wconf 88' lang='lat' dir='ltr'>Concilium</span> <span class='ocrx_word' id='word_1_115' title='bbox 1714 1246 1802 1294; x_wconf 89' lang='lat' dir='ltr'>est,</span> <span class='ocrx_word' id='word_1_116' title='bbox 1854 1253 2009 1297; x_wconf 84' lang='lat' dir='ltr'>neque</span> 
     </span>
     <span class='ocr_line' id='line_1_15' title="bbox 275 1322 2007 1380; baseline -0.002 -12"><span class='ocrx_word' id='word_1_117' title='bbox 275 1322 397 1369; x_wconf 83' lang='lat' dir='ltr'>infra</span> <span class='ocrx_word' id='word_1_118' title='bbox 434 1323 717 1377; x_wconf 87' lang='lat' dir='ltr'>Concilium,</span> <span class='ocrx_word' id='word_1_119' title='bbox 755 1322 832 1367; x_wconf 86' lang='lat' dir='ltr'>sed</span> <span class='ocrx_word' id='word_1_120' title='bbox 870 1323 917 1366; x_wconf 92' lang='lat' dir='ltr'>in</span> <span class='ocrx_word' id='word_1_121' title='bbox 953 1322 1185 1375; x_wconf 85' lang='lat' dir='ltr'>Concilio,</span> <span class='ocrx_word' id='word_1_122' title='bbox 1225 1323 1293 1367; x_wconf 89' lang='lat' dir='ltr'>uti</span> <span class='ocrx_word' id='word_1_123' title='bbox 1330 1329 1472 1380; x_wconf 86' lang='lat' dir='ltr'>caput</span> <span class='ocrx_word' id='word_1_124' title='bbox 1520 1322 1569 1366; x_wconf 89' lang='lat' dir='ltr'>in</span> <span class='ocrx_word' id='word_1_125' title='bbox 1620 1334 1833 1379; x_wconf 84' lang='lat' dir='ltr'>corpore,</span> <span class='ocrx_word' id='word_1_126' title='bbox 1885 1322 2007 1378; x_wconf 87' lang='lat' dir='ltr'>quod</span> 
     </span>
     <span class='ocr_line' id='line_1_16' title="bbox 271 1402 2011 1460; baseline -0.001 -12"><span class='ocrx_word' id='word_1_127' title='bbox 271 1404 322 1449; x_wconf 90' lang='lat' dir='ltr'>in</span> <span class='ocrx_word' id='word_1_128' title='bbox 359 1417 406 1449; x_wconf 90' lang='lat' dir='ltr'>se</span> <span class='ocrx_word' id='word_1_129' title='bbox 444 1404 772 1449; x_wconf 85' lang='lat' dir='ltr'>collectionem</span> <span class='ocrx_word' id='word_1_130' title='bbox 813 1403 939 1447; x_wconf 84' lang='lat' dir='ltr'>illam</span> <span class='ocrx_word' id='word_1_131' title='bbox 976 1402 1305 1448; x_wconf 87' lang='lat' dir='ltr'>distinctarum</span> <span class='ocrx_word' id='word_1_132' title='bbox 1343 1408 1631 1460; x_wconf 87' lang='lat' dir='ltr'>potestatum</span> <span class='ocrx_word' id='word_1_133' title='bbox 1680 1409 1918 1459; x_wconf 82' lang='lat' dir='ltr'>tamquam</span> <span class='ocrx_word' id='word_1_134' title='bbox 1964 1404 2011 1446; x_wconf 91' lang='lat' dir='ltr'>in</span> 
     </span>
     <span class='ocr_line' id='line_1_17' title="bbox 268 1480 2012 1541; baseline -0.002 -10"><span class='ocrx_word' id='word_1_135' title='bbox 268 1497 515 1531; x_wconf 86' lang='lat' dir='ltr'>commune</span> <span class='ocrx_word' id='word_1_136' title='bbox 551 1491 763 1529; x_wconf 85' lang='lat' dir='ltr'>centrum</span> <span class='ocrx_word' id='word_1_137' title='bbox 803 1484 999 1528; x_wconf 87' lang='lat' dir='ltr'>unitatis</span> <span class='ocrx_word' id='word_1_138' title='bbox 1043 1480 1295 1541; x_wconf 79' lang='lat' dir='ltr'>conjungit</span> <span class='ocrx_word' id='word_1_139' title='bbox 1344 1490 1484 1541; x_wconf 85' lang='lat' dir='ltr'>atque</span> <span class='ocrx_word' id='word_1_140' title='bbox 1534 1484 1739 1541; x_wconf 84' lang='lat' dir='ltr'>copulat.</span> <span class='ocrx_word' id='word_1_141' title='bbox 1778 1484 1834 1528; x_wconf 87' lang='lat' dir='ltr'>At</span> <span class='ocrx_word' id='word_1_142' title='bbox 1873 1484 1911 1527; x_wconf 91' lang='lat' dir='ltr'>si</span> <span class='ocrx_word' id='word_1_143' title='bbox 1949 1484 2012 1527; x_wconf 84' lang='lat' dir='ltr'>E-</span> 
     </span>
     <span class='ocr_line' id='line_1_18' title="bbox 264 1563 2008 1625; baseline 0 -14"><span class='ocrx_word' id='word_1_144' title='bbox 264 1567 446 1625; x_wconf 90' lang='lat' dir='ltr'>piscopi</span> <span class='ocrx_word' id='word_1_145' title='bbox 503 1568 603 1612; x_wconf 88' lang='lat' dir='ltr'>sine</span> <span class='ocrx_word' id='word_1_146' title='bbox 654 1568 860 1611; x_wconf 79' lang='lat' dir='ltr'>Romano</span> <span class='ocrx_word' id='word_1_147' title='bbox 918 1566 1158 1620; x_wconf 78' lang='lat' dir='ltr'>Pontifice,</span> <span class='ocrx_word' id='word_1_148' title='bbox 1210 1567 1280 1611; x_wconf 83' lang='lat' dir='ltr'>vel</span> <span class='ocrx_word' id='word_1_149' title='bbox 1338 1566 1456 1611; x_wconf 85' lang='lat' dir='ltr'>citra</span> <span class='ocrx_word' id='word_1_150' title='bbox 1515 1563 1619 1623; x_wconf 87' lang='lat' dir='ltr'>ejus</span> <span class='ocrx_word' id='word_1_151' title='bbox 1677 1566 2008 1611; x_wconf 80' lang='lat' dir='ltr'>auctoritatem</span> 
     </span>
     <span class='ocr_line' id='line_1_19' title="bbox 269 1645 2006 1705; baseline -0.002 -11"><span class='ocrx_word' id='word_1_152' title='bbox 269 1648 458 1694; x_wconf 87' lang='lat' dir='ltr'>collecti</span> <span class='ocrx_word' id='word_1_153' title='bbox 510 1648 857 1705; x_wconf 77' lang='lat' dir='ltr'>intelligantur,</span> <span class='ocrx_word' id='word_1_154' title='bbox 908 1654 1189 1692; x_wconf 80' lang='lat' dir='ltr'>conventum</span> <span class='ocrx_word' id='word_1_155' title='bbox 1249 1645 1403 1692; x_wconf 80' lang='lat' dir='ltr'>facere</span> <span class='ocrx_word' id='word_1_156' title='bbox 1464 1654 1685 1704; x_wconf 87' lang='lat' dir='ltr'>possunt,</span> <span class='ocrx_word' id='word_1_157' title='bbox 1743 1648 2006 1692; x_wconf 87' lang='lat' dir='ltr'>Concilium</span> 
     </span>
     <span class='ocr_line' id='line_1_20' title="bbox 265 1728 2011 1787; baseline -0.001 -12"><span class='ocrx_word' id='word_1_158' title='bbox 265 1731 483 1787; x_wconf 81' lang='lat' dir='ltr'>generale</span> <span class='ocrx_word' id='word_1_159' title='bbox 521 1736 565 1774; x_wconf 90' lang='lat' dir='ltr'>et</span> <span class='ocrx_word' id='word_1_160' title='bbox 601 1730 864 1786; x_wconf 71' lang='lat' dir='ltr'>legitimum</span> <span class='ocrx_word' id='word_1_161' title='bbox 904 1729 1030 1773; x_wconf 83' lang='lat' dir='ltr'>nullo</span> <span class='ocrx_word' id='word_1_162' title='bbox 1070 1729 1223 1773; x_wconf 87' lang='lat' dir='ltr'>modo.</span> <span class='ocrx_word' id='word_1_163' title='bbox 1262 1728 1452 1785; x_wconf 83' lang='lat' dir='ltr'>Ecquod</span> <span class='ocrx_word' id='word_1_164' title='bbox 1478 1729 1601 1773; x_wconf 87' lang='lat' dir='ltr'>euim</span> <span class='ocrx_word' id='word_1_165' title='bbox 1625 1729 1888 1774; x_wconf 84' lang='lat' dir='ltr'>Concilium</span> <span class='ocrx_word' id='word_1_166' title='bbox 1926 1742 2011 1786; x_wconf 77' lang='lat' dir='ltr'>ge-</span> 
     </span>
     <span class='ocr_line' id='line_1_21' title="bbox 263 1809 2007 1868; baseline -0.001 -12"><span class='ocrx_word' id='word_1_167' title='bbox 263 1811 423 1856; x_wconf 83' lang='lat' dir='ltr'>nerale</span> <span class='ocrx_word' id='word_1_168' title='bbox 461 1817 505 1856; x_wconf 89' lang='lat' dir='ltr'>et</span> <span class='ocrx_word' id='word_1_169' title='bbox 541 1811 807 1868; x_wconf 81' lang='lat' dir='ltr'>legitimum</span> <span class='ocrx_word' id='word_1_170' title='bbox 845 1810 945 1854; x_wconf 92' lang='lat' dir='ltr'>sine</span> <span class='ocrx_word' id='word_1_171' title='bbox 983 1811 1189 1854; x_wconf 82' lang='lat' dir='ltr'>Romano</span> <span class='ocrx_word' id='word_1_172' title='bbox 1228 1810 1469 1864; x_wconf 78' lang='lat' dir='ltr'>Pontifice,</span> <span class='ocrx_word' id='word_1_173' title='bbox 1495 1810 1574 1866; x_wconf 87' lang='lat' dir='ltr'>qui</span> <span class='ocrx_word' id='word_1_174' title='bbox 1602 1809 1894 1854; x_wconf 79' lang='lat' dir='ltr'>nobilissima</span> <span class='ocrx_word' id='word_1_175' title='bbox 1920 1816 2007 1864; x_wconf 83' lang='lat' dir='ltr'>est,</span> 
     </span>
     <span class='ocr_line' id='line_1_22' title="bbox 267 1884 2008 1950; baseline -0.002 -13"><span class='ocrx_word' id='word_1_176' title='bbox 267 1899 313 1937; x_wconf 83' lang='lat' dir='ltr'>et</span> <span class='ocrx_word' id='word_1_177' title='bbox 350 1892 594 1950; x_wconf 80' lang='lat' dir='ltr'>potissima</span> <span class='ocrx_word' id='word_1_178' title='bbox 632 1891 871 1937; x_wconf 80' lang='lat' dir='ltr'>Ecclesiae</span> <span class='ocrx_word' id='word_1_179' title='bbox 911 1884 1041 1948; x_wconf 75' lang='lat' dir='ltr'>pars?</span> <span class='ocrx_word' id='word_1_180' title='bbox 1066 1892 1155 1935; x_wconf 78' lang='lat' dir='ltr'>Aut</span> <span class='ocrx_word' id='word_1_181' title='bbox 1191 1891 1423 1948; x_wconf 83' lang='lat' dir='ltr'>quomodo</span> <span class='ocrx_word' id='word_1_182' title='bbox 1462 1897 1683 1947; x_wconf 89' lang='lat' dir='ltr'>poterunt</span> <span class='ocrx_word' id='word_1_183' title='bbox 1718 1890 2008 1935; x_wconf 84' lang='lat' dir='ltr'>diversarum</span> 
     </span>
     <span class='ocr_line' id='line_1_23' title="bbox 265 1971 2008 2029; baseline -0.001 -13"><span class='ocrx_word' id='word_1_184' title='bbox 265 1973 582 2018; x_wconf 82' lang='lat' dir='ltr'>Ecclesiarum</span> <span class='ocrx_word' id='word_1_185' title='bbox 633 1971 852 2029; x_wconf 84' lang='lat' dir='ltr'>Episcopi</span> <span class='ocrx_word' id='word_1_186' title='bbox 903 1971 1180 2029; x_wconf 77' lang='lat' dir='ltr'>congregati</span> <span class='ocrx_word' id='word_1_187' title='bbox 1232 1971 1491 2017; x_wconf 76' lang='lat' dir='ltr'>Ecclesiam</span> <span class='ocrx_word' id='word_1_188' title='bbox 1544 1971 1836 2025; x_wconf 85' lang='lat' dir='ltr'>universam,</span> <span class='ocrx_word' id='word_1_189' title='bbox 1889 1984 2008 2027; x_wconf 82' lang='lat' dir='ltr'>quae</span> 
     </span>
     <span class='ocr_line' id='line_1_24' title="bbox 262 2046 1363 2109; baseline -0.002 -11"><span class='ocrx_word' id='word_1_190' title='bbox 262 2065 354 2098; x_wconf 88' lang='lat' dir='ltr'>una</span> <span class='ocrx_word' id='word_1_191' title='bbox 393 2059 480 2107; x_wconf 89' lang='lat' dir='ltr'>est,</span> <span class='ocrx_word' id='word_1_192' title='bbox 517 2054 617 2097; x_wconf 89' lang='lat' dir='ltr'>sine</span> <span class='ocrx_word' id='word_1_193' title='bbox 655 2066 737 2097; x_wconf 88' lang='lat' dir='ltr'>suo</span> <span class='ocrx_word' id='word_1_194' title='bbox 775 2052 937 2109; x_wconf 89' lang='lat' dir='ltr'>Capite</span> <span class='ocrx_word' id='word_1_195' title='bbox 974 2046 1363 2109; x_wconf 81' lang='lat' dir='ltr'>repraesentare?</span> 
     </span>
    </p>

    <p class='ocr_par' dir='ltr' id='par_1_3' title="bbox 259 2132 2008 2997">
     <span class='ocr_line' id='line_1_25' title="bbox 329 2132 2006 2191; baseline -0.001 -14"><span class='ocrx_word' id='word_1_196' title='bbox 329 2135 573 2179; x_wconf 83' lang='lat' dir='ltr'>Praeterea</span> <span class='ocrx_word' id='word_1_197' title='bbox 611 2139 718 2178; x_wconf 87' lang='lat' dir='ltr'>sunt</span> <span class='ocrx_word' id='word_1_198' title='bbox 755 2133 847 2178; x_wconf 84' lang='lat' dir='ltr'>alia</span> <span class='ocrx_word' id='word_1_199' title='bbox 885 2134 1152 2178; x_wconf 84' lang='lat' dir='ltr'>firmissima</span> <span class='ocrx_word' id='word_1_200' title='bbox 1190 2141 1486 2191; x_wconf 79' lang='lat' dir='ltr'>argumenta,</span> <span class='ocrx_word' id='word_1_201' title='bbox 1524 2145 1643 2190; x_wconf 80' lang='lat' dir='ltr'>quae</span> <span class='ocrx_word' id='word_1_202' title='bbox 1682 2133 1895 2178; x_wconf 80' lang='lat' dir='ltr'>Pontifici</span> <span class='ocrx_word' id='word_1_203' title='bbox 1934 2132 2006 2176; x_wconf 76' lang='lat' dir='ltr'>fa-</span> 
     </span>
     <span class='ocr_line' id='line_1_26' title="bbox 261 2214 2008 2272; baseline 0.001 -15"><span class='ocrx_word' id='word_1_204' title='bbox 261 2221 387 2260; x_wconf 84' lang='lat' dir='ltr'>vent.</span> <span class='ocrx_word' id='word_1_205' title='bbox 427 2214 639 2259; x_wconf 83' lang='lat' dir='ltr'>Christus</span> <span class='ocrx_word' id='word_1_206' title='bbox 675 2214 905 2270; x_wconf 75' lang='lat' dir='ltr'>siquidem</span> <span class='ocrx_word' id='word_1_207' title='bbox 941 2227 1122 2259; x_wconf 65' lang='lat' dir='ltr'>emvns</span> <span class='ocrx_word' id='word_1_208' title='bbox 1160 2218 1294 2272; x_wconf 81' lang='lat' dir='ltr'>regni</span> <span class='ocrx_word' id='word_1_209' title='bbox 1332 2214 1596 2267; x_wconf 85' lang='lat' dir='ltr'>Caelorum,</span> <span class='ocrx_word' id='word_1_210' title='bbox 1644 2226 1886 2271; x_wconf 80' lang='lat' dir='ltr'>supremae</span> <span class='ocrx_word' id='word_1_211' title='bbox 1924 2227 2008 2270; x_wconf 86' lang='lat' dir='ltr'>po-</span> 
     </span>
     <span class='ocr_line' id='line_1_27' title="bbox 261 2294 2004 2351; baseline -0.001 -12"><span class='ocrx_word' id='word_1_212' title='bbox 261 2295 448 2340; x_wconf 85' lang='lat' dir='ltr'>tcstatis</span> <span class='ocrx_word' id='word_1_213' title='bbox 486 2294 680 2347; x_wconf 85' lang='lat' dir='ltr'>indicia,</span> <span class='ocrx_word' id='word_1_214' title='bbox 717 2296 850 2338; x_wconf 88' lang='lat' dir='ltr'>l‘etro</span> <span class='ocrx_word' id='word_1_215' title='bbox 888 2295 1098 2349; x_wconf 79' lang='lat' dir='ltr'>tradidit,</span> <span class='ocrx_word' id='word_1_216' title='bbox 1125 2297 1261 2351; x_wconf 78' lang='lat' dir='ltr'>cique</span> <span class='ocrx_word' id='word_1_217' title='bbox 1295 2295 1722 2340; x_wconf 83' lang='lat' dir='ltr'>concrediditovcs</span> <span class='ocrx_word' id='word_1_218' title='bbox 1759 2301 1803 2339; x_wconf 90' lang='lat' dir='ltr'>ct</span> <span class='ocrx_word' id='word_1_219' title='bbox 1841 2307 2004 2350; x_wconf 74' lang='lat' dir='ltr'>agnos,</span> 
     </span>
     <span class='ocr_line' id='line_1_28' title="bbox 261 2376 2008 2432; baseline -0.001 -13"><span class='ocrx_word' id='word_1_220' title='bbox 261 2376 421 2421; x_wconf 81' lang='lat' dir='ltr'>fideles</span> <span class='ocrx_word' id='word_1_221' title='bbox 457 2387 622 2432; x_wconf 89' lang='lat' dir='ltr'>nempe</span> <span class='ocrx_word' id='word_1_222' title='bbox 661 2381 706 2419; x_wconf 89' lang='lat' dir='ltr'>et</span> <span class='ocrx_word' id='word_1_223' title='bbox 747 2378 956 2420; x_wconf 78' lang='lat' dir='ltr'>Pastores</span> <span class='ocrx_word' id='word_1_224' title='bbox 993 2376 1093 2420; x_wconf 86' lang='lat' dir='ltr'>sine</span> <span class='ocrx_word' id='word_1_225' title='bbox 1134 2377 1226 2421; x_wconf 85' lang='lat' dir='ltr'>ulla</span> <span class='ocrx_word' id='word_1_226' title='bbox 1263 2377 1519 2432; x_wconf 83' lang='lat' dir='ltr'>dispersam</span> <span class='ocrx_word' id='word_1_227' title='bbox 1567 2376 1690 2420; x_wconf 89' lang='lat' dir='ltr'>inter</span> <span class='ocrx_word' id='word_1_228' title='bbox 1726 2381 1772 2420; x_wconf 87' lang='lat' dir='ltr'>et</span> <span class='ocrx_word' id='word_1_229' title='bbox 1807 2387 2008 2430; x_wconf 76' lang='lat' dir='ltr'>congre-</span> 
     </span>
     <span class='ocr_line' id='line_1_29' title="bbox 267 2455 2005 2514; baseline -0.001 -14"><span class='ocrx_word' id='word_1_230' title='bbox 267 2464 424 2514; x_wconf 77' lang='lat' dir='ltr'>gatam</span> <span class='ocrx_word' id='word_1_231' title='bbox 463 2456 720 2500; x_wconf 86' lang='lat' dir='ltr'>Ecclesiam</span> <span class='ocrx_word' id='word_1_232' title='bbox 757 2455 1079 2500; x_wconf 85' lang='lat' dir='ltr'>distinetione:</span> <span class='ocrx_word' id='word_1_233' title='bbox 1123 2469 1177 2500; x_wconf 82' lang='lat' dir='ltr'>ex</span> <span class='ocrx_word' id='word_1_234' title='bbox 1214 2469 1305 2512; x_wconf 82' lang='lat' dir='ltr'>quo</span> <span class='ocrx_word' id='word_1_235' title='bbox 1345 2456 1641 2512; x_wconf 86' lang='lat' dir='ltr'>perspicuum</span> <span class='ocrx_word' id='word_1_236' title='bbox 1680 2461 1766 2509; x_wconf 86' lang='lat' dir='ltr'>est,</span> <span class='ocrx_word' id='word_1_237' title='bbox 1792 2455 2005 2500; x_wconf 75' lang='lat' dir='ltr'>Summos</span> 
     </span>
     <span class='ocr_line' id='line_1_30' title="bbox 264 2536 2002 2593; baseline -0.001 -13"><span class='ocrx_word' id='word_1_238' title='bbox 264 2537 512 2581; x_wconf 74' lang='lat' dir='ltr'>Pontifices</span> <span class='ocrx_word' id='word_1_239' title='bbox 548 2536 669 2581; x_wconf 81' lang='lat' dir='ltr'>Petri</span> <span class='ocrx_word' id='word_1_240' title='bbox 708 2536 984 2580; x_wconf 82' lang='lat' dir='ltr'>Succssores</span> <span class='ocrx_word' id='word_1_241' title='bbox 1021 2543 1116 2580; x_wconf 88' lang='lat' dir='ltr'>tum</span> <span class='ocrx_word' id='word_1_242' title='bbox 1153 2536 1400 2593; x_wconf 85' lang='lat' dir='ltr'>Episcopis</span> <span class='ocrx_word' id='word_1_243' title='bbox 1437 2536 1679 2592; x_wconf 88' lang='lat' dir='ltr'>dispersis,</span> <span class='ocrx_word' id='word_1_244' title='bbox 1705 2542 1800 2580; x_wconf 88' lang='lat' dir='ltr'>tum</span> <span class='ocrx_word' id='word_1_245' title='bbox 1830 2537 2002 2579; x_wconf 65' lang='lat' dir='ltr'>eisdem</span> 
     </span>
     <span class='ocr_line' id='line_1_31' title="bbox 262 2617 2002 2677; baseline -0.001 -13"><span class='ocrx_word' id='word_1_246' title='bbox 262 2620 564 2677; x_wconf 80' lang='lat' dir='ltr'>congregatis</span> <span class='ocrx_word' id='word_1_247' title='bbox 601 2619 867 2675; x_wconf 90' lang='lat' dir='ltr'>superiores</span> <span class='ocrx_word' id='word_1_248' title='bbox 906 2632 1022 2664; x_wconf 87' lang='lat' dir='ltr'>esse.</span> <span class='ocrx_word' id='word_1_249' title='bbox 1061 2619 1118 2662; x_wconf 85' lang='lat' dir='ltr'>Et</span> <span class='ocrx_word' id='word_1_250' title='bbox 1154 2617 1363 2676; x_wconf 73' lang='lat' dir='ltr'>profecto</span> <span class='ocrx_word' id='word_1_251' title='bbox 1402 2619 1440 2662; x_wconf 91' lang='lat' dir='ltr'>si</span> <span class='ocrx_word' id='word_1_252' title='bbox 1484 2619 1732 2676; x_wconf 88' lang='lat' dir='ltr'>Episcopis</span> <span class='ocrx_word' id='word_1_253' title='bbox 1780 2618 2002 2673; x_wconf 63' lang='lat' dir='ltr'>singulis,</span> 
     </span>
     <span class='ocr_line' id='line_1_32' title="bbox 263 2695 2005 2757; baseline 0 -14"><span class='ocrx_word' id='word_1_254' title='bbox 263 2701 383 2756; x_wconf 81' lang='lat' dir='ltr'>quod</span> <span class='ocrx_word' id='word_1_255' title='bbox 426 2714 479 2745; x_wconf 84' lang='lat' dir='ltr'>ex</span> <span class='ocrx_word' id='word_1_256' title='bbox 517 2700 603 2746; x_wconf 83' lang='lat' dir='ltr'>fide</span> <span class='ocrx_word' id='word_1_257' title='bbox 639 2700 871 2745; x_wconf 79' lang='lat' dir='ltr'>catholiea</span> <span class='ocrx_word' id='word_1_258' title='bbox 909 2700 1195 2757; x_wconf 78' lang='lat' dir='ltr'>profitemur,</span> <span class='ocrx_word' id='word_1_259' title='bbox 1236 2698 1452 2745; x_wconf 78' lang='lat' dir='ltr'>Pontifex</span> <span class='ocrx_word' id='word_1_260' title='bbox 1476 2700 1637 2744; x_wconf 83' lang='lat' dir='ltr'>divino</span> <span class='ocrx_word' id='word_1_261' title='bbox 1659 2695 1765 2755; x_wconf 85' lang='lat' dir='ltr'>jure</span> <span class='ocrx_word' id='word_1_262' title='bbox 1792 2700 2005 2755; x_wconf 88' lang='lat' dir='ltr'>superior</span> 
     </span>
     <span class='ocr_line' id='line_1_33' title="bbox 261 2779 2006 2837; baseline 0 -14"><span class='ocrx_word' id='word_1_263' title='bbox 261 2786 349 2832; x_wconf 87' lang='lat' dir='ltr'>est,</span> <span class='ocrx_word' id='word_1_264' title='bbox 396 2794 488 2825; x_wconf 91' lang='lat' dir='ltr'>non</span> <span class='ocrx_word' id='word_1_265' title='bbox 534 2781 688 2826; x_wconf 87' lang='lat' dir='ltr'>minus</span> <span class='ocrx_word' id='word_1_266' title='bbox 726 2782 772 2825; x_wconf 92' lang='lat' dir='ltr'>in</span> <span class='ocrx_word' id='word_1_267' title='bbox 809 2780 1054 2835; x_wconf 89' lang='lat' dir='ltr'>Conciliis,</span> <span class='ocrx_word' id='word_1_268' title='bbox 1105 2792 1243 2837; x_wconf 85' lang='lat' dir='ltr'>quam</span> <span class='ocrx_word' id='word_1_269' title='bbox 1298 2786 1428 2825; x_wconf 79' lang='lat' dir='ltr'>extra</span> <span class='ocrx_word' id='word_1_270' title='bbox 1478 2779 1741 2825; x_wconf 88' lang='lat' dir='ltr'>Concilium</span> <span class='ocrx_word' id='word_1_271' title='bbox 1794 2781 2006 2835; x_wconf 84' lang='lat' dir='ltr'>superior</span> 
     </span>
     <span class='ocr_line' id='line_1_34' title="bbox 259 2861 2003 2918; baseline 0.001 -15"><span class='ocrx_word' id='word_1_272' title='bbox 259 2861 366 2915; x_wconf 86' lang='lat' dir='ltr'>erit,</span> <span class='ocrx_word' id='word_1_273' title='bbox 406 2874 508 2905; x_wconf 85' lang='lat' dir='ltr'>nam</span> <span class='ocrx_word' id='word_1_274' title='bbox 549 2869 594 2907; x_wconf 88' lang='lat' dir='ltr'>et</span> <span class='ocrx_word' id='word_1_275' title='bbox 639 2862 685 2907; x_wconf 89' lang='lat' dir='ltr'>in</span> <span class='ocrx_word' id='word_1_276' title='bbox 736 2862 948 2908; x_wconf 88' lang='lat' dir='ltr'>Concilio</span> <span class='ocrx_word' id='word_1_277' title='bbox 999 2868 1043 2908; x_wconf 88' lang='lat' dir='ltr'>et</span> <span class='ocrx_word' id='word_1_278' title='bbox 1092 2868 1223 2908; x_wconf 80' lang='lat' dir='ltr'>extra</span> <span class='ocrx_word' id='word_1_279' title='bbox 1272 2861 1533 2907; x_wconf 89' lang='lat' dir='ltr'>Concilium</span> <span class='ocrx_word' id='word_1_280' title='bbox 1586 2872 1769 2917; x_wconf 88' lang='lat' dir='ltr'>semper</span> <span class='ocrx_word' id='word_1_281' title='bbox 1817 2867 2003 2918; x_wconf 85' lang='lat' dir='ltr'>praeest</span> 
     </span>
     <span class='ocr_line' id='line_1_35' title="bbox 261 2939 862 2997; baseline 0.007 -15"><span class='ocrx_word' id='word_1_282' title='bbox 261 2941 459 2986; x_wconf 64' lang='lat' dir='ltr'>primatu</span> <span class='ocrx_word' id='word_1_283' title='bbox 497 2939 862 2997; x_wconf 76' lang='lat' dir='ltr'>jurisdictionis.</span> 
     </span>
    </p>
   </div>
  </div>
 </body>
</html>
