2114 3289
381 139 492 193 126
600 155 716 195 car.
746 155 818 193 111.
858 154 920 191 DE
945 152 1187 192 connsscr.
1214 155 1434 195 sacnoR.
1465 157 1712 195 canonum

294 260 393 334 ipsi
436 258 560 317 Pius
604 258 696 329 IV,
727 257 853 314 Pius
897 256 967 328 V,
996 270 1043 313 et
1086 256 1363 329 Gregorius
1393 258 1526 315 XIII
1570 279 1753 318 novam
1797 273 1845 317 et
1874 265 2023 320 casti-

292 357 538 426 gatiorem
598 353 830 410 Gratiani
892 353 1293 409 emendationem
1354 357 1581 426 aggressi
1624 369 1767 426 sunt,
1812 376 2020 431 eamque

297 451 609 523 provinciam
669 449 863 504 selectis
923 448 1229 522 quibusdam
1291 449 1443 518 viriS,
1503 468 1628 523 quos
1689 450 2017 507 Correctores

297 542 556 599 Romanos
616 555 822 613 vocant,
884 542 1276 599 demandarunt.
1339 540 1454 599 Jam
1516 563 1632 601 vero
1692 543 2016 602 Correctores

297 636 538 706 Romani,
583 640 882 712 conquisitis
934 637 1155 712 undique
1205 637 1498 712 praesidiis,
1551 639 1796 712 permulta
1838 641 1891 695 in
1934 658 2017 695 ca-

296 751 481 788 nonum
523 732 958 807 inscriptionibus,
1001 745 1048 788 et
1088 734 1141 788 in
1184 744 1341 802 textu,
1385 745 1431 787 et
1461 735 1511 788 in
1555 733 1737 803 glossis
1781 734 2015 790 emenda-

297 840 427 885 runt.
470 827 703 885 Primum
762 830 931 904 itaque
973 850 1116 886 veras
1177 830 1557 902 inscriptiones,
1607 850 1692 885 seu
1754 843 2012 886 auctorum

294 925 575 994 citationeS,
618 926 704 980 ubi
747 945 888 982 error
930 925 1134 980 evidens
1165 937 1293 994 erat,
1338 925 1686 994 restituerunt,
1730 924 1816 979 ubi
1853 937 2018 980 autem

295 1017 356 1072 de
399 1038 515 1075 vero
572 1021 778 1075 canonis
828 1031 1029 1074 auctore
1079 1019 1329 1075 dubitatio
1385 1031 1494 1075 orta
1545 1031 1638 1088 est,
1691 1018 1826 1092 quod
1880 1018 2017 1074 idem

292 1125 441 1186 caput
483 1114 615 1189 apud
661 1114 826 1189 plures
871 1125 1096 1169 auctores
1141 1115 1397 1168 inventum
1440 1112 1554 1182 fuit,
1592 1125 1676 1169 aut
1718 1113 1889 1186 aliqua
1933 1133 2016 1169 ca-

292 1208 410 1281 pitis
453 1228 570 1283 pars
604 1221 857 1283 comperta
901 1221 973 1264 est
1002 1210 1108 1279 ejus
1153 1210 1370 1263 auctoris
1412 1210 1498 1281 qui
1542 1208 1810 1275 citabatur,
1846 1208 2017 1280 aliqua

295 1321 411 1358 vero
472 1304 698 1373 minime,
759 1316 844 1359 aut
904 1303 1054 1358 verba
1117 1302 1261 1357 valde
1304 1315 1515 1371 mutata,
1579 1302 1818 1372 subjectis
1880 1303 2014 1358 notis

292 1396 600 1467 indicarunt,
643 1408 690 1452 et
730 1399 781 1453 in
825 1400 1052 1469 margine
1094 1417 1150 1453 ea
1194 1397 1302 1452 loca
1356 1397 1752 1470 descripserunt,
1804 1396 1890 1451 ubi
1933 1416 2015 1452 ea-

291 1490 404 1545 dem
447 1494 611 1567 capita
662 1493 981 1548 haberentur.
1045 1490 1194 1547 Circa
1237 1491 1637 1547 emendationem
1680 1503 1842 1547 textus
1887 1491 2013 1547 haec

289 1587 419 1641 ratio
471 1598 723 1641 reservata
775 1598 868 1655 est,
911 1598 964 1641 ut
1005 1588 1149 1642 initia
1201 1588 1421 1659 capitum
1464 1586 1528 1641 ob
1573 1587 1782 1642 usitatas
1826 1583 2014 1641 Docto-

289 1699 400 1735 rum
444 1682 703 1738 citationes
747 1700 845 1737 non
889 1692 1220 1749 mutarentur,
1264 1680 1674 1753 quandoquidem
1719 1692 1831 1734 ante
1875 1678 2010 1735 Con-

289 1775 443 1845 tium,
487 1788 539 1830 ut
582 1795 732 1850 supra
775 1777 977 1845 monui,
1022 1794 1237 1831 canones
1281 1795 1366 1830 seu
1419 1776 1584 1848 capita
1635 1776 1854 1830 numeris
1906 1774 2011 1830 dis-

288 1872 441 1925 tincta
485 1889 583 1926 non
626 1883 785 1939 erant,
830 1871 1054 1944 adeoque
1097 1891 1184 1945 per
1240 1870 1387 1925 verba
1432 1869 1648 1924 initialia
1703 1869 2006 1925 citabantur.

287 1963 624 2020 Veruntamen
667 1986 694 2021 a
756 1963 1137 2021 Correctoribus
1182 1965 1266 2020 ubi
1310 1965 1455 2019 initia
1519 1966 1738 2037 capitum
1789 1963 1853 2018 ab
1908 1964 2009 2018 ori-

285 2061 443 2129 ginali
486 2060 848 2134 discreparent,
891 2062 942 2115 in
997 2062 1224 2130 margine
1268 2071 1351 2113 aut
1393 2060 1442 2113 in
1498 2058 1839 2114 notationibus
1894 2077 2009 2129 ger-

286 2172 434 2208 mana
485 2154 631 2209 lectio
693 2154 916 2210 indicata
967 2166 1057 2210 est.
1121 2153 1264 2209 Hanc
1326 2172 1524 2226 quoque
1585 2153 1784 2224 glossae
1844 2153 2004 2226 ipsius

286 2248 530 2302 rationem
573 2248 881 2317 habuerunt,
926 2250 1052 2304 nihil
1096 2262 1148 2304 ut
1199 2249 1250 2302 iu
1293 2259 1432 2303 textu
1476 2250 1540 2303 sit
1591 2259 1866 2317 mutatum,
1918 2246 2005 2301 ubi

285 2343 495 2397 mutatio
537 2343 646 2415 ipsa
689 2342 990 2416 impeditura
1034 2355 1160 2411 erat,
1204 2344 1471 2415 quominus
1517 2342 1639 2414 quid
1683 2342 1781 2397 sibi
1826 2353 2002 2396 auctor

284 2436 482 2505 glossae
526 2436 780 2504 voluisset,
841 2436 1173 2491 animadverti
1234 2448 1420 2509 posset,
1473 2436 1560 2491 sed
1612 2435 1787 2491 eodem
1848 2434 2001 2490 modo

285 2542 369 2585 aut
428 2531 673 2600 margine,
726 2541 809 2584 aut
860 2530 912 2585 in
971 2531 1225 2585 notatione
1286 2530 1521 2585 mendum
1564 2542 1637 2586 est
1698 2529 1995 2585 indicatum.

288 2623 387 2679 Ubi
431 2643 546 2681 vero
604 2624 727 2680 haec
787 2643 884 2679 non
943 2623 1228 2692 obstabant,
1290 2623 1527 2679 nonnulla
1578 2626 1631 2679 in
1690 2625 1800 2697 ipso
1861 2635 1998 2677 textu

285 2718 628 2788 emendarunt,
673 2718 908 2774 nonnulla
951 2717 1102 2774 etiam
1145 2716 1418 2789 aliquando
1463 2717 1785 2786 addiderunt,
1830 2728 1877 2771 et
1906 2718 1999 2773 ali-

286 2814 486 2885 quando
538 2813 878 2882 detraxerunt,
937 2830 1209 2884 earumque
1272 2813 1602 2866 mutationum
1645 2813 1696 2867 in
1757 2812 1996 2883 subjectis

287 2910 415 2963 notis
448 2908 721 2965 identidem
765 2910 1007 2965 rationem
1039 2907 1332 2976 attulerunt,
1362 2925 1507 2980 saepe
1538 2919 1699 2964 tamen
1733 2909 1782 2963 in
1818 2927 1995 2978 genere
