2114 3289
352 124 459 174 150
508 139 599 174 LlB.
622 138 672 173 Π.
694 138 739 173 C.
771 137 803 170 I.
834 135 892 169 DE
922 136 968 169 R.
1002 133 1261 169 PONTIFICE
1289 133 1456 176 Est-SQ.
1481 133 1816 169 ADJUTORIBES

270 242 533 297 revisionis
577 239 839 293 dumtaxat
878 235 957 304 jus
1001 231 1323 308 Apostolicae
1364 233 1486 291 Sedi
1528 235 1769 291 tributum
1801 233 1978 291 fuerit.

266 331 523 391 Adversus
575 333 703 386 hanc
752 330 1040 404 opinionem
1081 325 1285 384 Natalis
1328 325 1614 384 Alexander
1657 328 1857 384 dissert.
1904 330 1977 382 28

266 428 319 484 in
362 427 612 484 saeculum
655 422 728 478 IV
771 421 927 477 multa
970 433 1379 491 argumentorum
1432 423 1575 496 copia
1635 422 1980 490 demonstrat,

263 522 345 592 jus
388 518 779 594 appellationum
822 515 1227 590 recipiendarum
1270 533 1368 571 non
1412 516 1461 570 vi
1513 534 1758 572 canonum
1802 514 1981 571 Sardi-

268 615 509 682 censium‚
552 610 639 667 sed
683 611 876 665 ratione
918 607 1174 665 Primatus
1226 608 1290 663 ad
1350 607 1639 665 Romanum
1680 606 1980 664 Pontificem

268 708 543 782 pertinere3
586 723 798 760 canones
845 723 961 759 vero
1005 701 1328 758 Sardicenses
1373 702 1433 757 de
1476 703 1677 777 proprie
1719 705 1790 758 sic
1847 702 1981 757 dicta

269 799 623 874 appellatione,
665 819 762 856 non
823 797 887 852 de
930 815 1026 852 una
1089 816 1373 867 causarum,
1418 810 1470 852 ut
1522 798 1680 868 ajunt,
1734 797 1980 853 revisione

267 895 500 968 loquutos
550 913 675 949 esse.

347 987 636 1045 Romanum
677 999 840 1043 autem
883 986 1181 1044 Pontificem
1224 986 1474 1061 appellare
1517 1004 1615 1041 non
1658 984 1806 1041 modo
1850 982 1972 1058 Epi-

272 1084 437 1157 scopis
481 1084 614 1152 licet,
657 1082 744 1138 sed
804 1083 955 1137 etiam
1016 1080 1354 1151 Presbyteris,
1398 1081 1611 1154 aliisque
1651 1077 1866 1135 Clericis
1908 1080 1984 1134 in-

270 1176 577 1246 ferioribus,
637 1178 757 1250 quia
815 1194 1075 1251 supremus
1137 1176 1362 1231 omnium
1427 1174 1584 1245 judex
1643 1185 1732 1230 est.
1797 1170 1984 1226 Verum

273 1271 409 1345 quod
452 1271 517 1327 ad
560 1269 891 1341 presbyteros
934 1282 981 1325 et
1031 1268 1255 1326 Clericos
1316 1268 1578 1324 inferiores
1626 1268 1856 1342 pertinet,
1905 1267 1985 1337 jus

272 1364 580 1440 appellandi,
623 1366 747 1438 ipsis
792 1362 1124 1420 Pontificibus
1177 1365 1248 1419 sic
1310 1363 1609 1432 volentibus,
1654 1381 1782 1417 nunc
1825 1360 1984 1431 majo-

272 1479 397 1530 rem,
444 1479 572 1515 nunc
615 1460 860 1514 minorem
903 1457 1348 1532 amplificationem
1409 1459 1634 1531 accipere
1685 1457 1863 1530 potuit.
1909 1453 1986 1510 Ita

274 1552 592 1610 Innocentius
635 1551 659 1606 I
701 1570 791 1606 sua
834 1553 1128 1607 auctoritate
1189 1552 1410 1606 firmavit
1452 1549 1735 1607 Concilium
1787 1547 1989 1604 Milevi-

274 1661 467 1716 tanum,
508 1667 607 1721 quo
651 1645 835 1702 Clerici
897 1645 1192 1700 vetabantur
1250 1646 1314 1700 ab
1373 1644 1639 1720 Episcopis
1699 1644 1986 1718 provinciae

275 1762 393 1798 suae
439 1741 720 1815 appellare3
764 1758 862 1812 qua
904 1738 966 1794 de
1008 1758 1061 1795 re
1103 1738 1275 1795 confer
1316 1738 1682 1794 Bellarminum
1724 1736 1787 1792 de
1835 1733 1987 1793 Rom.

273 1835 424 1893 Pont.
468 1836 558 1892 lib.
605 1833 673 1890 ΙΙ.
718 1855 761 1891 c.
810 1837 902 1890 24.

352 1928 558 1987 Nemini
638 1949 752 1986 vero
809 1930 925 1985 licet
985 1949 1013 1985 a
1073 1931 1313 1985 sententia
1390 1927 1655 1984 Pontificis
1716 1926 1986 2002 appellare.

275 2029 467 2081 Cuncta
499 2043 596 2097 per
637 2024 890 2079 mundum
932 2024 1071 2078 novit
1107 2023 1355 2090 Ecclesia,
1381 2023 1625 2095 quonia-m
1652 2021 1991 2094 quorumlibet

274 2118 534 2174 sententiis
575 2118 737 2189 liqata
780 2118 1111 2191 Pontificum,
1141 2117 1294 2174 Sedes
1336 2121 1399 2174 B.
1445 2117 1591 2172 Petri
1635 2114 1862 2189 Apostoli
1898 2114 1991 2189 jus

277 2213 457 2268 habeat
497 2213 811 2279 resolvendi,
854 2223 1021 2286 utpote
1063 2230 1190 2284 quae
1234 2213 1295 2267 de
1338 2212 1479 2267 omni
1520 2211 1747 2266 Ecclesia
1785 2210 1862 2283 fas
1903 2208 1992 2263 Ῑια-

277 2309 388 2363 heat
441 2307 766 2381 judicandi,
817 2325 976 2378 neque
1021 2308 1259 2379 cuiquam
1302 2308 1362 2361 de
1407 2307 1520 2381 ejus
1561 2306 1710 2360 liceat
1745 2304 1991 2379 judicare

268 2402 516 2477 judicio:
559 2401 812 2472 siquidem
854 2402 924 2455 ad
965 2402 1112 2456 illam
1156 2403 1217 2456 cle
1259 2401 1481 2473 qualibet
1516 2400 1700 2455 mundi
1718 2408 1869 2473 parte
1897 2401 1990 2453 Ca-

278 2514 432 2551 nones
465 2495 718 2569 appellari
759 2494 1037 2563 voluerim,
1068 2498 1130 2550 ab
1171 2496 1267 2551 illa
1292 2508 1462 2550 autem
1504 2514 1650 2550 nemo
1678 2494 1741 2548 sit
1766 2491 1992 2566 appella-

279 2610 335 2646 re
372 2591 677 2664 permissus:
714 2592 783 2645 ita
810 2592 954 2664 epist.
990 2596 1015 2643 7
1047 2591 1111 2645 ad
1155 2590 1432 2665 Ep‘iscopos
1459 2587 1748 2644 Dardaniae
1790 2587 1994 2661 scripsit

281 2684 513 2742 Gelasius
556 2684 718 2759 Papa,
761 2686 901 2755 cujus
945 2687 1289 2740 auctoritatem
1332 2682 1577 2740 Nicolaus
1623 2682 1646 2736 I
1689 2685 1832 2757 epist.
1867 2686 1897 2735 8
1927 2682 1992 2737 ad

280 2779 583 2835 Michaelem
628 2779 984 2853 Imperatorem
1027 2778 1276 2834 adhibuit.
1329 2777 1500 2851 Itaque
1543 2797 1573 2832 a
1615 2775 1813 2833 Summi
1855 2773 1991 2832 Pon-

281 2875 429 2931 tificis
471 2874 661 2944 judicio
705 2873 768 2929 ad
813 2872 1093 2930 Concilium
1137 2872 1364 2943 generale
1404 2869 1724 2946 Appellantes
1749 2871 1858 2941 jure
1885 2889 1985 2926 me-
