2114 3289
430 145 476 221 ยง.
506 168 596 205 xv.
628 167 687 203 DE
715 166 874 202 umus
900 166 1169 203 SAGRARUM
1196 165 1581 203 SCRIPTURARUM
1718 152 1789 203 29

142 271 274 343 ipsos
315 271 538 341 inteqros
579 287 693 323 cum
736 268 969 322 omnibns
1010 268 1114 322 suis
1148 268 1408 341 parcibnS,
1444 279 1603 341 prout
1654 268 1711 323 in
1771 271 1867 324 Ec-

142 367 295 422 clesia
337 365 598 422 Catholica
638 365 739 437 leqi
782 377 1169 431 consueverant,
1222 376 1266 419 ec
1323 365 1381 419 in
1441 365 1600 420 veteri
1660 365 1869 437 vulgata

141 460 306 514 latina
349 460 572 514 editione
631 460 908 526 habentur,
961 477 1062 531 pro
1125 459 1297 513 Sacris
1351 470 1394 514 el
1439 460 1708 515 Canonicis
1767 478 1870 513 non

141 554 432 626 susceperit,
477 553 750 608 anatliema
780 553 860 609 sit.
891 552 1084 607 Deinde
1129 552 1351 608 declarat
1377 565 1422 608 et
1451 555 1641 624 statuit,
1669 565 1723 607 ut
1750 553 1871 609 liaeo

140 648 252 720 ipsa
293 658 432 702 vetas
476 659 521 702 ec
560 647 769 719 'ctclyata
812 647 990 717 editio,
1033 665 1162 718 quae
1213 646 1362 718 lonqo
1422 658 1491 702 tot
1549 648 1868 702 saeculorum

141 759 236 794 usa
278 742 389 813 ipsa
431 742 660 796 Ecclesia
694 742 915 814 probata
950 752 1018 796 est
1059 741 1116 795 in
1152 741 1375 813 publicis
1417 741 1734 812 lectionibaS,
1768 742 1870 795 dis-

132 836 509 907 pntationibnS,
547 835 1050 908 praedicationibaS,
1095 846 1141 890 et
1185 835 1588 908 expositionibus
1626 854 1724 909 pro
1778 855 1870 889 ait-

138 929 361 984 tliencica
420 930 691 997 habeatur,
753 941 798 986 et
858 941 914 983 ut
974 949 1121 984 nemo
1181 929 1330 985 illam
1396 930 1616 1004 rejicere
1694 931 1869 1001 quoi-is

133 1034 412 1095 praetexta
454 1025 643 1080 audeat
686 1024 764 1080 vel
800 1034 1115 1097 praesumat.

907 1193 951 1270 S.
1002 1201 1093 1255 16.

265 1335 338 1379 DE
379 1335 490 1380 USU
528 1335 601 1379 ET
636 1307 1039 1381 AUCTORITATE
1080 1333 1326 1379 VETERIS
1364 1333 1733 1381 TESTAMEN'H

724 1430 782 1475 IN
819 1428 958 1474 JURE
999 1429 1296 1475 CANONICO

221 1589 376 1646 Vetus
405 1590 783 1647 Testamentum
817 1590 977 1647 tribus
1019 1602 1398 1665 praeceptorum
1441 1592 1708 1662 generibus
1753 1613 1870 1648 con-

140 1697 259 1754 stat,
304 1686 607 1752 moralibus,
653 1686 1135 1752 caeremonialibuS,
1180 1697 1224 1740 et
1254 1685 1618 1758 judicialibus,
1665 1685 1871 1744 Certum

144 1802 259 1837 vero
304 1783 719 1856 exploratumque
762 1795 835 1837 est
870 1793 1145 1855 praecepta
1188 1783 1410 1837 moralia
1453 1784 1504 1837 in
1566 1786 1716 1839 veteri
1771 1783 1870 1839 Te-

141 1887 386 1931 stamento
430 1876 616 1931 tradita
661 1895 857 1950 semper
910 1879 1096 1948 vigere,
1148 1878 1387 1950 quoniam
1439 1890 1702 1952 praecepta
1756 1890 1870 1934 sunt

139 1970 296 2044 ipsius
378 1971 506 2041 juris
550 1971 793 2026 naturalis
839 1991 1044 2045 prorsus
1088 1972 1447 2041 immutabilia,
1492 1991 1618 2045 quae
1658 1973 1869 2046 proinde

138 2061 373 2119 Christus
417 2084 516 2120 non
559 2065 779 2134 sustulit,
824 2066 911 2120 sed
955 2066 1141 2121 clarius
1185 2066 1370 2120 evolvit
1424 2067 1860 2141 confirmavitque.

137 2156 413 2232 Praecepta
459 2179 575 2214 vero
619 2159 1045 2226 caeremonialia,
1090 2179 1217 2233 quae
1261 2159 1490 2215 divinum
1536 2161 1743 2231 cultum,
1787 2182 1866 2218 sa-

143 2254 356 2323 crificia,
401 2273 672 2327 sacrosque
716 2256 840 2309 ritus
885 2255 1298 2325 moderabantur,
1342 2274 1440 2328 quo
1483 2257 1634 2311 etiam
1677 2270 1868 2331 specta-

136 2347 257 2403 bant
299 2368 377 2418 ea,
432 2368 558 2422 quae
620 2349 683 2404 ad
727 2349 985 2423 publicum
1045 2348 1348 2421 Synagogae
1404 2362 1608 2420 statum,
1661 2353 1866 2424 ejusque

139 2443 490 2501 Sacerdotium
532 2447 881 2520 pertineban13
926 2459 972 2501 et
1009 2446 1305 2520 judicialia
1347 2466 1475 2520 quae
1518 2448 1717 2503 civilem
1761 2446 1861 2503 He-

139 2539 407 2595 braeorum
452 2541 682 2613 politiam
736 2541 1122 2610 constituebant,
1167 2542 1272 2612 jam
1334 2544 1478 2597 irrita
1530 2542 1659 2596 facta
1722 2555 1862 2598 sunt:

141 2636 527 2690 caeremonialia
554 2635 778 2708 quidem,
808 2635 1010 2708 quando
1039 2634 1389 2691 Sacerdotium
1434 2636 1732 2691 translatum
1770 2649 1864 2707 est,

139 2740 185 2782 et
228 2747 410 2784 novum
454 2728 831 2784 Testamentum
868 2741 1026 2785 morte
1054 2730 1333 2786 Testatoris
1362 2731 1702 2800 obsignatum3
1728 2731 1863 2801 judi-

140 2821 288 2876 cialia
317 2842 454 2892 vero,
489 2835 756 2897 postquam
800 2824 1082 2898 respublica
1110 2824 1457 2882 Hebraeorum
1500 2824 1607 2879 sine
1640 2825 1741 2882 ulla
1786 2845 1862 2880 re-

2 2885 53 3135 ฯ
143 2918 416 2972 stitutionis
460 2938 547 2991 spe
590 2921 794 2974 omnino
839 2919 1006 2975 desiit.
