2114 3289
1693 142 1760 192 33

889 255 932 331 S.
983 262 1072 315 17.

300 397 373 444 DE
414 396 525 443 usu
562 396 637 442 ET
674 395 1077 442 AucromrATE
1115 395 1256 441 Novi
1294 393 1665 440 TESTAMENTI

198 544 336 601 Juris
380 544 725 600 Ecclesiastici
768 555 815 598 et
856 543 1044 617 publici
1089 554 1136 597 et
1177 543 1382 616 privati,
1410 541 1521 598 fons
1563 543 1757 616 primus
1794 554 1842 597 et

120 641 417 715 praecipuus
478 650 552 693 est
602 656 787 694 novum
837 636 1250 693 Testamentum:
1296 640 1471 703 Sane,
1515 637 1679 711 inquit
1723 634 1840 691 Zal-

114 735 279 804 linger
319 735 371 789 in
414 731 536 789 Inst.
581 731 690 789 Jur.
734 731 872 787 Eccl.
916 751 1026 806 cap.
1071 729 1137 800 V,
1180 749 1308 801 quae
1351 731 1422 786 acl
1462 734 1556 785 Jus
1580 731 1834 786 Ecclesia-

117 828 298 882 sticum
339 827 605 900 publicum
641 826 943 898 pertinent)
988 826 1050 880 ole
1090 825 1396 898 fundatione
1439 826 1734 893 Ecclesiae,
1780 826 1842 881 de

115 921 434 976 institutione
469 921 733 994 potestatis
775 920 1148 986 hierarchicae,
1176 920 1238 974 de
1281 938 1426 974 sacro
1461 920 1681 993 imperio
1707 923 1842 993 Apo-

115 1016 256 1071 stolis
313 1028 462 1088 atque
521 1017 578 1070 in
630 1016 820 1088 primis
862 1019 916 1072 S.
963 1017 1119 1070 Petro
1161 1033 1194 1069 a
1247 1015 1444 1070 Christo
1504 1015 1726 1082 collate,
1778 1015 1841 1070 cle

114 1123 247 1183 qesto
289 1112 351 1165 ab
392 1111 578 1166 iisdem
619 1110 840 1182 imperio
881 1110 1021 1164 circa
1060 1127 1141 1164 res
1184 1127 1354 1164 omnes
1396 1110 1467 1164 ad
1493 1110 1841 1182 Reliqionem,

117 1217 164 1262 et
221 1207 478 1262 Ecclesiae
535 1207 957 1279 yubernationem
1014 1216 1289 1277 spectantes
1294 1249 1388 1262 .....
1434 1224 1494 1260 ea
1546 1207 1722 1260 omnia
1774 1225 1842 1261 eso

115 1305 172 1359 S.
215 1303 498 1375 Scripturis
544 1301 663 1356 novi
714 1300 1023 1355 Testamenti
1081 1300 1366 1355 luculenter
1423 1311 1715 1358 sumuntur.
1776 1302 1844 1354 Et

118 1396 180 1450 cle
216 1395 342 1470 jure
379 1396 584 1468 privato
625 1395 720 1449 viso
761 1394 976 1450 tractari
1018 1394 1303 1466 quidquam
1337 1405 1523 1466 potest,
1551 1395 1678 1466 quin
1704 1395 1844 1450 idem

117 1510 185 1546 ea:
232 1492 406 1548 Sacris
447 1491 656 1546 Litteris
699 1490 835 1557 eruij
879 1491 1200 1564 confirmari,
1245 1501 1291 1545 et
1332 1490 1592 1546 illustrari
1634 1501 1802 1563 queat.

193 1584 419 1644 At'vero
463 1586 735 1642 videndum
777 1598 850 1641 est
892 1588 1005 1659 quis
1049 1605 1188 1656 usuS,
1232 1597 1518 1659 quantaque
1561 1588 1626 1641 sit
1670 1587 1745 1642 vis
1793 1598 1841 1641 et

115 1681 312 1755 pondus
366 1693 802 1752 argumentorum,
847 1700 975 1753 quae
1016 1700 1078 1736 ex
1121 1700 1249 1736 novo
1293 1679 1614 1737 Testamenta
1660 1681 1841 1756 depro-

117 1788 339 1832 muntur.
385 1773 504 1843 Qua
547 1794 696 1850 super
737 1794 790 1829 re
833 1775 1217 1846 distinguendus
1262 1777 1495 1848 inprimis
1539 1787 1613 1830 est
1655 1775 1843 1849 duplex

116 1867 173 1925 S.
217 1867 523 1925 Litterarum
566 1889 760 1938 sensus,
805 1889 980 1944 nempe
1023 1869 1284 1936 litteralis)
1328 1882 1374 1925 et
1417 1870 1672 1940 mysticus,
1717 1868 1843 1926 Sen-

118 1983 202 2018 sus
262 1964 493 2019 litteralis
554 1975 663 2033 est,
718 1983 863 2037 quem
919 1964 1069 2019 verba
1114 1966 1224 2038 ipsa
1267 1984 1330 2019 ex
1371 1966 1555 2019 usitato
1598 1965 1841 2037 loquendi

116 2058 267 2114 modo
310 2058 616 2132 praeferunt,
651 2060 755 2113 sive
790 2059 1028 2130 proprie,
1057 2060 1161 2114 sive
1205 2058 1544 2130 metaphorice
1588 2061 1841 2133 accipian-

118 2165 213 2210 tur.
269 2153 505 2209 Diximus
549 2155 653 2209 sive
690 2155 928 2226 propriej
973 2157 1077 2210 sive
1121 2155 1461 2227 metaphorice
1505 2157 1839 2231 accipiantur,

119 2249 530 2322 quandoquidem
589 2251 858 2323 scriptores
911 2251 1043 2305 sacri
1087 2252 1193 2305 sine
1237 2250 1338 2305 ulla
1383 2252 1727 2306 controversia
1772 2262 1840 2305 te-

116 2354 269 2412 nent,
312 2362 512 2398 sensum
556 2343 821 2398 verborum
865 2345 970 2399 sive
1013 2344 1330 2414 naturalem,
1374 2347 1478 2401 sive
1532 2346 1840 2418 metaphori-

119 2455 268 2506 cum,
330 2437 394 2492 ad
457 2456 655 2492 sensum
714 2438 982 2493 litteralem
1026 2439 1364 2494 revocandum
1408 2459 1551 2508 esse,
1596 2450 1837 2512 quatenus

116 2533 439 2607 metaphorae
481 2534 569 2587 sub
611 2534 839 2601 notione,
869 2547 920 2589 ut
963 2536 1121 2605 ajunt,
1148 2536 1481 2609 ῑήιαςῄηανὶαμ
1511 2537 1632 2589 satis
1671 2547 1838 2608 aperte

116 2626 359 2696 indicant,
387 2627 508 2700 quid
539 2648 648 2683 vere
674 2630 975 2702 proprieque
1019 2630 1307 2700 significare
1352 2631 1614 2685 voluerint.
1664 2627 1838 2702 ltaque

118 2739 228 2775 cum
273 2720 506 2778 Christus
550 2722 698 2779 Joan.
743 2722 794 2778 X
826 2726 916 2793 ait,
944 2724 1075 2779 alias
1118 2725 1274 2779 habeo
1318 2742 1449 2789 oves,
1477 2742 1600 2794 quas
1643 2736 1838 2795 oportet

115 2832 194 2868 'mc
237 2816 514 2884 adducere,
561 2828 605 2872 et
642 2818 728 2891 fiet
769 2837 931 2873 unum
973 2819 1103 2874 ovile
1148 2832 1191 2873 et
1235 2836 1366 2872 unus
1402 2831 1600 2890 pastor,
1644 2822 1838 2893 perspi-

118 2927 263 2964 cuum
308 2921 380 2966 est
422 2914 621 2968 nomine
664 2913 837 2968 ovium
879 2932 963 2970 eos
1007 2914 1259 2983 intelligi,
1304 2915 1391 2985 qui
1441 2913 1505 2969 ad
1559 2912 1835 2971 Ecclesiam

1372 3012 1403 3060 4
