2114 3289
561 156 832 198 EORUMQL'E
878 156 1079 191 Jtuussus
1125 156 1182 189 ET
1228 156 1434 192 ornans
1660 137 1766 189 165

137 257 415 333 Episcopus
459 258 586 328 regit
628 275 768 312 suam
820 257 1123 332 peculiarem
1176 256 1474 326 Ecclesiam,
1529 273 1656 330 (guae
1697 257 1848 313 totius

140 351 393 408 Ecclesiae
436 371 551 425 pars
595 363 684 407 est.
723 350 849 407 Sunt
891 352 1056 421 multi,
1084 363 1137 406 ut
1176 351 1313 406 idem
1357 348 1641 426 Cyprianus
1685 350 1849 424 loqui-

136 458 235 516 tur,
278 446 474 502 arboris
526 447 676 516 rami,
720 445 807 502 sed
850 465 947 501 una
999 446 1170 504 arbor.
1213 443 1279 500 At
1322 463 1438 500 vero
1489 445 1533 500 si
1574 442 1853 519 peculiares

136 538 373 613 Episcopi
415 541 465 594 in
509 540 612 595 suis
671 539 1000 596 Dioecesibus
1054 539 1223 595 omnia
1282 550 1504 613 possent,
1558 556 1716 612 neque
1760 536 1853 593 ulli

137 634 386 707 superiori
427 635 658 707 potestati
703 633 911 690 obnoxii
953 644 1136 702 essent,
1179 645 1249 689 tot
1291 645 1453 687 essent
1496 632 1762 689 distinctae
1805 642 1854 687 et

65 735 72 743 ⁴
133 726 530 799 independentes
571 726 844 796 Ecclesiae,
873 738 992 801 quot
1026 724 1380 801 Episcopatus,
1426 725 1853 799 quemadmodum

136 822 280 877 multi
324 823 519 879 arboris
563 824 691 878 rami
742 842 770 877 a
813 822 983 877 radice
1026 834 1073 877 et
1114 822 1308 895 reliquo
1363 841 1572 895 corpore
1615 821 1856 893 disjuncti

135 936 287 972 unam
332 917 563 974 arborem
607 937 706 971 non
748 918 981 973 efficiunt.
1026 914 1218 973 Verum
1259 918 1354 972 hac
1398 936 1548 992 super
1592 935 1644 973 re
1687 917 1853 972 nullus

136 1009 400 1066 dubitandi
444 1011 581 1067 locus
624 1012 941 1084 relinquitur,
986 1030 1099 1067 cum
1143 1011 1260 1066 fidei
1305 1011 1489 1082 dogma
1518 1012 1602 1080 sit,
1645 1007 1855 1085 Episco-

138 1125 317 1181 porum
360 1118 652 1180 potestatem
696 1106 970 1161 obnoxiam
1006 1125 1113 1162 esse
1158 1104 1354 1162 Summi
1397 1105 1659 1162 Pontificis
1690 1118 1858 1161 aucto-

137 1202 275 1256 ritati
298 1219 315 1271 3
340 1219 401 1255 ex
428 1219 525 1273 quo
556 1202 895 1273 consequitur,
922 1212 974 1255 ut
1001 1199 1147 1256 Sedis
1185 1199 1502 1273 Apostolicae
1527 1210 1572 1254 et
1598 1219 1857 1255 sacrorum

138 1313 384 1350 canonum
444 1293 655 1349 decretis
716 1293 954 1368 Episcopi
1013 1294 1216 1350 subesse
1285 1293 1517 1362 debeant,
1586 1311 1859 1365 eorumque

143 1402 361 1464 potestas
404 1391 457 1444 in
499 1390 605 1459 ejus
668 1408 758 1445 usu
802 1391 932 1444 intra
986 1388 1231 1463 quosdam
1286 1386 1468 1444 limites
1530 1388 1764 1457 restringi
1809 1399 1857 1442 et

139 1484 379 1540 contineri
425 1485 600 1557 possit.

903 1616 946 1691 S.
994 1625 1086 1676 43.

757 1791 829 1839 DE
869 1792 1247 1840 PATRIARCHIS

217 1954 543 2029 Quamquam
587 1956 765 2030 primis
793 1954 1047 2011 Ecclesiae
1074 1954 1286 2011 saeculis
1314 1972 1493 2011 nomen
1529 1953 1859 2010 Patriarchae

144 2051 369 2121 ignotum
412 2049 580 2119 fuerit,
625 2049 759 2123 quod
803 2050 1003 2105 nonnisi
1047 2049 1140 2105 sub
1166 2047 1384 2105 Concilii
1429 2046 1858 2104 Chalcedonensis

140 2155 364 2217 tempora
407 2145 640 2217 usurpari
668 2145 848 2217 coepit,
892 2163 969 2198 res
997 2155 1181 2212 tamen,
1209 2161 1296 2198 seu
1323 2141 1543 2214 dignitas
1571 2160 1628 2198 eo
1658 2143 1858 2197 nomine

139 2237 422 2308 significata
464 2237 666 2292 extabat
707 2239 932 2294 omnino,
973 2234 1229 2311 Namque,
1273 2249 1325 2292 ut
1376 2237 1610 2292 observat
1652 2233 1856 2292 Natalis

138 2327 426 2385 Alexander
467 2329 601 2388 Hist.
646 2329 783 2387 Eccl.
829 2350 959 2388 saec.
997 2328 1072 2386 IV
1116 2351 1225 2406 cap.
1275 2334 1307 2384 5
1354 2342 1447 2387 art.
1505 2333 1558 2399 1,
1603 2329 1861 2403 spectatis-

138 2423 294 2479 simae
339 2434 484 2478 erant
519 2425 574 2479 in
600 2425 827 2480 Ecclesia
870 2436 967 2481 tres
994 2425 1149 2482 Sedes
1186 2425 1500 2499 primariae,
1528 2442 1656 2495 qnae
1682 2424 1860 2480 ceteris

138 2517 423 2573 eminebant
481 2520 736 2586 omnibuS,
797 2520 932 2591 qnod
974 2539 1006 2575 a
1047 2523 1102 2578 S.
1165 2522 1323 2575 Petro
1378 2519 1626 2592 fundatae
1678 2529 1856 2585 essent,

139 2613 375 2667 Romana
424 2613 633 2681 scilicet,
695 2613 1085 2682 Alexandrina,
1130 2625 1176 2668 ec
1236 2613 1571 2669 Antiochena.
1623 2614 1860 2676 Quarum

139 2704 377 2778 Episcopi
413 2707 781 2781 jurisdictione
810 2709 1056 2782 ampliori
1081 2709 1409 2782 fruebantur,
1437 2706 1709 2777 multisque
1753 2724 1856 2759 non

138 2799 288 2851 modo
324 2802 627 2870 provinciiS,
671 2822 847 2858 verum
890 2804 1046 2859 etiam
1079 2803 1403 2858 Dioecesibns
1438 2811 1735 2874 praeerant.
1781 2803 1858 2854 De

144 2892 220 2946 his
266 2893 478 2949 Nicaeni
531 2898 748 2953 Concilii
794 2902 828 2953 I
881 2917 1043 2954 canon
1088 2903 1162 2953 6:
1206 2920 1231 2953 ((
1274 2896 1499 2968 Antiqua
1553 2895 1859 2950 consuetudo

1312 2991 1420 3044 11*
