2114 3289
350 88 464 140 174
522 104 615 142 LIB.
641 104 693 141 11.
724 105 771 141 G.
797 103 849 139 11.
879 102 940 138 DE
971 101 1131 139 EPISG.
1160 103 1389 146 EORUMQ.
1420 104 1529 138 JUR.
1560 103 1620 137 ET
1649 103 1861 139 OFFICIIS

257 207 495 252 Romanae
519 206 654 252 Sedis
688 203 940 261 privilegio
963 203 1346 249 patriarcharum
1381 204 1572 250 nomine
1594 204 1758 249 donati
1794 202 2002 258 fuerunt,

255 283 591 344 jurisdictione
628 292 786 330 tamen
821 283 1150 342 Metropolitas
1186 295 1282 329 non
1319 292 1558 342 superant.

1033 454 1078 531 §-
1127 463 1218 514 45.

423 611 497 656 DE
536 610 828 656 EXARCHIS
866 609 1217 657 PRIMATIBUS
1253 608 1329 655 ET
1365 609 1844 657 ARCHIEPISCOPIS

344 772 473 828 Tres
501 775 552 828 in
579 772 808 828 Ecclesia
836 769 1090 829 Orientali
1116 771 1343 826 Exarchi
1370 772 1662 840 extiterunt,
1689 770 1996 846 Ephesinus,

265 866 642 937 Heracleensis,
684 880 730 922 et
758 865 1132 922 CaesareensiS.
1161 865 1229 922 Hi
1256 865 1359 921 fere
1385 866 1554 921 omnia
1580 863 1998 921 patriarcharum

264 963 380 1033 jura
424 963 745 1031 exercebant,
789 961 940 1035 paulo
985 960 1191 1034 quidem
1235 958 1554 1015 Patriarchis
1581 958 1866 1029 inferiores,
1892 958 2002 1015 Me-

269 1057 522 1130 tropolitis
567 1068 733 1111 tamen
778 1055 1044 1126 (liginitate
1089 1056 1391 1129 superiores,
1439 1052 1540 1109 Sed
1583 1053 1883 1124 jamdudum
1926 1055 2003 1109 in-

262 1153 521 1221 terierunt,
568 1149 983 1224 quandoquidem
1009 1168 1072 1204 ex
1098 1167 1272 1204 eorum
1298 1149 1576 1223 provinciis
1612 1146 1999 1203 patriarchatus

267 1243 859 1318 Constantinopolitanae
903 1244 1162 1299 Ecclesiae
1205 1255 1398 1298 erectus
1442 1242 1555 1299 fuit.

345 1338 598 1394 Primates
643 1340 787 1393 initio
833 1340 999 1393 vocati
1042 1338 1242 1393 fuerunt
1285 1336 1548 1411 Episcopi,
1592 1339 1679 1410 qui
1715 1338 1998 1411 principem

263 1435 431 1490 locum
476 1434 697 1506 aliquem
724 1433 775 1486 in
809 1430 1039 1486 Ecclesia
1066 1443 1304 1487 tenerent.
1345 1429 1430 1486 Sic
1468 1430 1759 1487 Romanum
1788 1429 2002 1487 Pontifi-

263 1547 370 1583 cem
414 1528 628 1597 legimus
674 1528 825 1582 totius
871 1524 1128 1580 Ecclesiae
1171 1524 1452 1580 Primatem
1489 1525 1742 1580 interdum
1771 1537 2002 1581 vocatum

264 1641 394 1692 esse3
438 1633 484 1676 et
528 1619 815 1676 Concilium
860 1619 1273 1675 Chalcedonense
1318 1632 1414 1676 act.
1467 1622 1559 1690 163
1604 1619 1833 1674 Ecclesia
1894 1622 2001 1672 Ro-

264 1734 443 1783 mana,
490 1718 652 1788 inquit
711 1732 908 1787 semper
969 1714 1148 1768 habuit
1209 1715 1525 1770 Primatum.
1589 1713 1652 1768 Et
1711 1716 1763 1769 in
1825 1714 2002 1769 eodem

262 1810 494 1867 Concilio
540 1808 845 1865 Patriarcha
891 1821 1098 1864 vocatur
1140 1808 1346 1864 Primas
1391 1808 1718 1864 DioeceseOS.
1745 1807 1802 1862 In
1828 1808 2002 1864 Africa

261 1905 619 1981 Metropolitae
682 1904 993 1959 vocabantur
1060 1902 1336 1974 Primates,
1414 1923 1500 1960 seu
1578 1904 1772 1977 primae
1850 1902 1998 1958 Sedis

261 2000 528 2074 Episcopi,
571 2000 623 2053 id
669 1999 806 2071 quod
849 2017 911 2052 ex
963 2018 1073 2073 cap.
1139 2001 1208 2054 19
1272 1998 1582 2054 collectionis
1643 1996 2002 2053 Africanorum

265 2093 613 2151 Conciliorum
659 2092 982 2148 manifestum
1026 2105 1117 2149 cst.
1161 2091 1341 2149 Prima
1385 2104 1550 2147 autem
1594 2090 1751 2147 Sedes
1796 2093 1847 2146 in
1884 2112 2001 2166 pro-

262 2190 444 2245 vinciis
488 2186 692 2243 Africae
736 2207 834 2243 non
878 2200 983 2242 erat
1028 2188 1179 2243 alicui
1241 2187 1500 2242 Ecclesiae
1561 2188 1736 2256 affixa,
1783 2187 1870 2241 sed
1921 2187 2002 2256 jus

262 2284 709 2358 metropoliticum,
754 2302 840 2337 seu
891 2281 1171 2352 PrimatuS,
1216 2283 1277 2337 dc
1321 2284 1522 2337 civitate
1567 2282 1668 2336 alia
1731 2284 1783 2337 in
1846 2282 1999 2336 aliam

262 2377 680 2446 transferebatur,
724 2388 771 2431 et
823 2396 1020 2450 semper
1062 2376 1337 2451 Episcopo,
1399 2379 1485 2450 qui
1548 2395 1647 2432 non
1691 2388 1869 2445 aetate,
1912 2374 2000 2429 sed

262 2473 582 2529 ordinatione
627 2472 795 2526 senior
837 2483 985 2540 esset,
1029 2472 1366 2543 tribuebatur,
1417 2483 1625 2545 excepta
1670 2469 1999 2539 Carthagine,

263 2569 404 2638 cujus
465 2565 747 2640 Episcopus
809 2566 1104 2640 provinciae
1164 2562 1366 2621 Africae
1430 2567 1501 2621 sic
1563 2565 1727 2620 dictae
1788 2563 2000 2618 firmiter

262 2661 592 2734 Metropolita
635 2680 722 2716 seu
766 2659 969 2715 Primas
1014 2659 1312 2715 habebatur.
1358 2659 1517 2715 Extra
1546 2677 1744 2733 quoque
1771 2656 2000 2714 Africam

268 2756 620 2830 Metropolitae
664 2754 917 2810 Primatcs
960 2755 1250 2829 provinciae
1295 2754 1610 2810 dicebantur.
1656 2751 1714 2807 In
1769 2750 1998 2808 Concilio

267 2852 568 2909 Bracarcnsi
611 2851 634 2907 Ι
662 2872 772 2909 can.
805 2858 837 2908 6
866 2853 989 2909 haec
1021 2852 1286 2908 habentur:
1324 2856 1448 2907 Item
1468 2850 1688 2923 placuit,
1714 2862 1769 2907 uc
1797 2868 1997 2905 conser-
