<?xml version="1.0" encoding="UTF-8"?>
<!DOCTYPE html PUBLIC "-//W3C//DTD XHTML 1.0 Transitional//EN"
    "http://www.w3.org/TR/xhtml1/DTD/xhtml1-transitional.dtd">
<html xmlns="http://www.w3.org/1999/xhtml" xml:lang="en" lang="en">
 <head>
  <title>
</title>
<meta http-equiv="Content-Type" content="text/html;charset=utf-8" />
  <meta name='ocr-system' content='tesseract 3.04.00' />
  <meta name='ocr-capabilities' content='ocr_page ocr_carea ocr_par ocr_line ocrx_word'/>
</head>
<body>
  <div class='ocr_page' id='page_1' title='image "./joanniscardinali00sogl_0086.png"; bbox 0 0 2114 3289; ppageno 0'>
   <div class='ocr_carea' id='block_1_1' title="bbox 358 119 1631 173">
    <p class='ocr_par' dir='ltr' id='par_1_1' title="bbox 358 119 1631 173">
     <span class='ocr_line' id='line_1_1' title="bbox 358 119 1631 173; baseline -0.001 -2"><span class='ocrx_word' id='word_1_1' title='bbox 358 119 429 171; x_wconf 85' lang='lat'>68</span> <span class='ocrx_word' id='word_1_2' title='bbox 635 134 750 173; x_wconf 76' lang='lat' dir='ltr'>cAP.</span> <span class='ocrx_word' id='word_1_3' title='bbox 776 134 829 172; x_wconf 87' lang='lat'>11.</span> <span class='ocrx_word' id='word_1_4' title='bbox 858 133 919 170; x_wconf 82' lang='lat' dir='ltr'>DE</span> <span class='ocrx_word' id='word_1_5' title='bbox 947 133 1191 172; x_wconf 76' lang='lat' dir='ltr'>Fourmus</span> <span class='ocrx_word' id='word_1_6' title='bbox 1216 134 1355 172; x_wconf 75' lang='lat' dir='ltr'>sums</span> <span class='ocrx_word' id='word_1_7' title='bbox 1388 133 1631 172; x_wconf 76' lang='lat' dir='ltr'>cANomct</span> 
     </span>
    </p>
   </div>
   <div class='ocr_carea' id='block_1_2' title="bbox 256 236 1995 1522">
    <p class='ocr_par' dir='ltr' id='par_1_2' title="bbox 256 236 1993 500">
     <span class='ocr_line' id='line_1_2' title="bbox 268 236 1993 313; baseline 0.001 -19"><span class='ocrx_word' id='word_1_8' title='bbox 268 258 524 307; x_wconf 82' lang='lat' dir='ltr'>concessa,</span> <span class='ocrx_word' id='word_1_9' title='bbox 553 257 621 294; x_wconf 69' lang='lat' dir='ltr'>eac</span> <span class='ocrx_word' id='word_1_10' title='bbox 647 257 701 292; x_wconf 88' lang='lat' dir='ltr'>eo</span> <span class='ocrx_word' id='word_1_11' title='bbox 744 237 829 291; x_wconf 77' lang='lat' dir='ltr'>die</span> <span class='ocrx_word' id='word_1_12' title='bbox 872 254 970 308; x_wconf 82' lang='lat' dir='ltr'>quo</span> <span class='ocrx_word' id='word_1_13' title='bbox 1013 236 1342 310; x_wconf 71' lang='lat' dir='ltr'>indulyentia</span> <span class='ocrx_word' id='word_1_14' title='bbox 1384 238 1651 313; x_wconf 78' lang='lat' dir='ltr'>Principis</span> <span class='ocrx_word' id='word_1_15' title='bbox 1692 238 1750 293; x_wconf 80' lang='lat' dir='ltr'>in</span> <span class='ocrx_word' id='word_1_16' title='bbox 1784 239 1993 313; x_wconf 80' lang='lat' dir='ltr'>judicio</span> 
     </span>
     <span class='ocr_line' id='line_1_3' title="bbox 263 330 1989 407; baseline 0.001 -19"><span class='ocrx_word' id='word_1_17' title='bbox 263 333 563 407; x_wconf 77' lang='lat' dir='ltr'><em>competenti</em></span> <span class='ocrx_word' id='word_1_18' title='bbox 621 331 722 405; x_wconf 77' lang='lat' dir='ltr'>fuit</span> <span class='ocrx_word' id='word_1_19' title='bbox 780 330 1064 399; x_wconf 75' lang='lat' dir='ltr'>intimata,</span> <span class='ocrx_word' id='word_1_20' title='bbox 1110 342 1156 386; x_wconf 87' lang='lat' dir='ltr'>et</span> <span class='ocrx_word' id='word_1_21' title='bbox 1198 332 1584 388; x_wconf 77' lang='lat' dir='ltr'><em>administratio</em></span> <span class='ocrx_word' id='word_1_22' title='bbox 1626 334 1704 388; x_wconf 79' lang='lat' dir='ltr'>rei</span> <span class='ocrx_word' id='word_1_23' title='bbox 1742 335 1989 406; x_wconf 80' lang='lat' dir='ltr'>propriae</span> 
     </span>
     <span class='ocr_line' id='line_1_4' title="bbox 256 425 1230 500; baseline 0 -17"><span class='ocrx_word' id='word_1_24' title='bbox 256 427 510 500; x_wconf 81' lang='lat' dir='ltr'>permissa</span> <span class='ocrx_word' id='word_1_25' title='bbox 550 427 656 481; x_wconf 80' lang='lat' dir='ltr'>vim</span> <span class='ocrx_word' id='word_1_26' title='bbox 698 443 845 480; x_wconf 87' lang='lat' dir='ltr'>suam</span> <span class='ocrx_word' id='word_1_27' title='bbox 888 425 1230 497; x_wconf 72' lang='lat' dir='ltr'><strong><em>consequitur.</em></strong></span> 
     </span>
    </p>

    <p class='ocr_par' dir='ltr' id='par_1_3' title="bbox 259 520 1995 1522">
     <span class='ocr_line' id='line_1_5' title="bbox 343 520 1992 595; baseline 0 -18"><span class='ocrx_word' id='word_1_28' title='bbox 343 521 609 595; x_wconf 83' lang='lat' dir='ltr'>Rescripta</span> <span class='ocrx_word' id='word_1_29' title='bbox 651 521 876 591; x_wconf 87' lang='lat' dir='ltr'>justitiae</span> <span class='ocrx_word' id='word_1_30' title='bbox 921 541 949 576; x_wconf 88' lang='lat' dir='ltr'>a</span> <span class='ocrx_word' id='word_1_31' title='bbox 992 520 1074 575; x_wconf 90' lang='lat' dir='ltr'>die</span> <span class='ocrx_word' id='word_1_32' title='bbox 1119 520 1280 575; x_wconf 89' lang='lat' dir='ltr'>factae</span> <span class='ocrx_word' id='word_1_33' title='bbox 1324 521 1679 578; x_wconf 82' lang='lat' dir='ltr'>insinuationis</span> <span class='ocrx_word' id='word_1_34' title='bbox 1712 523 1992 594; x_wconf 80' lang='lat' dir='ltr'>generatim</span> 
     </span>
     <span class='ocr_line' id='line_1_6' title="bbox 264 614 1994 690; baseline 0.001 -19"><span class='ocrx_word' id='word_1_35' title='bbox 264 616 429 672; x_wconf 88' lang='lat' dir='ltr'>valere</span> <span class='ocrx_word' id='word_1_36' title='bbox 472 615 754 689; x_wconf 71' lang='lat' dir='ltr'>incipiunt,</span> <span class='ocrx_word' id='word_1_37' title='bbox 796 616 1046 670; x_wconf 87' lang='lat' dir='ltr'>insinuari</span> <span class='ocrx_word' id='word_1_38' title='bbox 1090 626 1256 669; x_wconf 88' lang='lat' dir='ltr'>autem</span> <span class='ocrx_word' id='word_1_39' title='bbox 1301 614 1497 670; x_wconf 89' lang='lat' dir='ltr'>tamdiu</span> <span class='ocrx_word' id='word_1_40' title='bbox 1544 628 1771 689; x_wconf 76' lang='lat' dir='ltr'>possunt,</span> <span class='ocrx_word' id='word_1_41' title='bbox 1816 635 1994 690; x_wconf 85' lang='lat' dir='ltr'>quam-</span> 
     </span>
     <span class='ocr_line' id='line_1_7' title="bbox 264 708 1990 784; baseline 0.001 -19"><span class='ocrx_word' id='word_1_42' title='bbox 264 710 351 765; x_wconf 90' lang='lat' dir='ltr'>diu</span> <span class='ocrx_word' id='word_1_43' title='bbox 409 709 557 763; x_wconf 88' lang='lat' dir='ltr'>durat</span> <span class='ocrx_word' id='word_1_44' title='bbox 614 709 745 764; x_wconf 85' lang='lat' dir='ltr'>actio</span> <span class='ocrx_word' id='word_1_45' title='bbox 800 720 885 764; x_wconf 92' lang='lat' dir='ltr'>aut</span> <span class='ocrx_word' id='word_1_46' title='bbox 927 710 1191 783; x_wconf 76' lang='lat' dir='ltr'>exceptio,</span> <span class='ocrx_word' id='word_1_47' title='bbox 1238 708 1303 764; x_wconf 88' lang='lat' dir='ltr'>ob</span> <span class='ocrx_word' id='word_1_48' title='bbox 1351 728 1504 782; x_wconf 88' lang='lat' dir='ltr'>quam</span> <span class='ocrx_word' id='word_1_49' title='bbox 1547 711 1814 784; x_wconf 88' lang='lat' dir='ltr'>impetrata</span> <span class='ocrx_word' id='word_1_50' title='bbox 1859 722 1990 767; x_wconf 87' lang='lat' dir='ltr'>sunt.</span> 
     </span>
     <span class='ocr_line' id='line_1_8' title="bbox 264 802 1990 878; baseline 0.001 -19"><span class='ocrx_word' id='word_1_51' title='bbox 264 802 328 859; x_wconf 89' lang='lat' dir='ltr'>At</span> <span class='ocrx_word' id='word_1_52' title='bbox 369 805 455 877; x_wconf 89' lang='lat' dir='ltr'>qui</span> <span class='ocrx_word' id='word_1_53' title='bbox 489 823 578 878; x_wconf 89' lang='lat' dir='ltr'>per</span> <span class='ocrx_word' id='word_1_54' title='bbox 611 822 797 858; x_wconf 89' lang='lat' dir='ltr'>annum</span> <span class='ocrx_word' id='word_1_55' title='bbox 825 804 1215 859; x_wconf 82' lang='lat' dir='ltr'>insinuationem</span> <span class='ocrx_word' id='word_1_56' title='bbox 1244 803 1484 874; x_wconf 75' lang='lat' dir='ltr'>neglexit,</span> <span class='ocrx_word' id='word_1_57' title='bbox 1512 815 1558 858; x_wconf 87' lang='lat' dir='ltr'>et</span> <span class='ocrx_word' id='word_1_58' title='bbox 1584 805 1785 859; x_wconf 83' lang='lat' dir='ltr'>interim</span> <span class='ocrx_word' id='word_1_59' title='bbox 1812 805 1990 860; x_wconf 87' lang='lat' dir='ltr'>adver-</span> 
     </span>
     <span class='ocr_line' id='line_1_9' title="bbox 262 897 1990 972; baseline 0 -18"><span class='ocrx_word' id='word_1_60' title='bbox 262 900 425 954; x_wconf 90' lang='lat' dir='ltr'>sarius</span> <span class='ocrx_word' id='word_1_61' title='bbox 475 899 581 969; x_wconf 88' lang='lat' dir='ltr'>ejus</span> <span class='ocrx_word' id='word_1_62' title='bbox 626 897 768 952; x_wconf 91' lang='lat' dir='ltr'>aliud</span> <span class='ocrx_word' id='word_1_63' title='bbox 813 900 1114 972; x_wconf 88' lang='lat' dir='ltr'>rescriptum</span> <span class='ocrx_word' id='word_1_64' title='bbox 1157 910 1492 971; x_wconf 84' lang='lat' dir='ltr'>consequutus</span> <span class='ocrx_word' id='word_1_65' title='bbox 1535 910 1646 968; x_wconf 89' lang='lat' dir='ltr'>est,</span> <span class='ocrx_word' id='word_1_66' title='bbox 1690 900 1990 972; x_wconf 88' lang='lat' dir='ltr'>rescriptum</span> 
     </span>
     <span class='ocr_line' id='line_1_10' title="bbox 261 989 1992 1067; baseline 0.001 -20"><span class='ocrx_word' id='word_1_67' title='bbox 261 994 399 1067; x_wconf 88' lang='lat' dir='ltr'>prius</span> <span class='ocrx_word' id='word_1_68' title='bbox 445 993 660 1067; x_wconf 78' lang='lat' dir='ltr'>expirat.</span> <span class='ocrx_word' id='word_1_69' title='bbox 708 989 845 1048; x_wconf 88' lang='lat' dir='ltr'>Nam</span> <span class='ocrx_word' id='word_1_70' title='bbox 891 991 1211 1052; x_wconf 85' lang='lat' dir='ltr'>Innocentius</span> <span class='ocrx_word' id='word_1_71' title='bbox 1257 991 1334 1046; x_wconf 80' lang='lat' dir='ltr'>III</span> <span class='ocrx_word' id='word_1_72' title='bbox 1378 1012 1420 1048; x_wconf 85' lang='lat' dir='ltr'>e.</span> <span class='ocrx_word' id='word_1_73' title='bbox 1473 996 1542 1048; x_wconf 73' lang='lat'>23</span> <span class='ocrx_word' id='word_1_74' title='bbox 1590 994 1651 1047; x_wconf 82' lang='lat' dir='ltr'>de</span> <span class='ocrx_word' id='word_1_75' title='bbox 1696 996 1873 1050; x_wconf 83' lang='lat' dir='ltr'>Rescr.</span> <span class='ocrx_word' id='word_1_76' title='bbox 1920 995 1992 1049; x_wconf 91' lang='lat' dir='ltr'>sic</span> 
     </span>
     <span class='ocr_line' id='line_1_11' title="bbox 260 1085 1995 1162; baseline -0.001 -20"><span class='ocrx_word' id='word_1_77' title='bbox 260 1087 554 1162; x_wconf 81' lang='lat' dir='ltr'>respondit:</span> <span class='ocrx_word' id='word_1_78' title='bbox 615 1086 672 1142; x_wconf 87' lang='lat' dir='ltr'>Si</span> <span class='ocrx_word' id='word_1_79' title='bbox 723 1086 835 1158; x_wconf 82' lang='lat' dir='ltr'>quis</span> <span class='ocrx_word' id='word_1_80' title='bbox 878 1096 1076 1140; x_wconf 82' lang='lat' dir='ltr'>nostras</span> <span class='ocrx_word' id='word_1_81' title='bbox 1118 1086 1314 1141; x_wconf 78' lang='lat' dir='ltr'>litteras</span> <span class='ocrx_word' id='word_1_82' title='bbox 1357 1085 1676 1158; x_wconf 70' lang='lat' dir='ltr'>impetrans,</span> <span class='ocrx_word' id='word_1_83' title='bbox 1718 1087 1859 1141; x_wconf 44' lang='lat' dir='ltr'>«intra</span> <span class='ocrx_word' id='word_1_84' title='bbox 1901 1106 1995 1141; x_wconf 88' lang='lat' dir='ltr'>an-</span> 
     </span>
     <span class='ocr_line' id='line_1_12' title="bbox 259 1178 1994 1252; baseline 0 -20"><span class='ocrx_word' id='word_1_85' title='bbox 259 1197 406 1246; x_wconf 88' lang='lat' dir='ltr'>num,</span> <span class='ocrx_word' id='word_1_86' title='bbox 448 1189 715 1252; x_wconf 80' lang='lat' dir='ltr'>postquam</span> <span class='ocrx_word' id='word_1_87' title='bbox 759 1178 956 1251; x_wconf 83' lang='lat' dir='ltr'>copiam</span> <span class='ocrx_word' id='word_1_88' title='bbox 993 1178 1238 1252; x_wconf 80' lang='lat' dir='ltr'>judicum</span> <span class='ocrx_word' id='word_1_89' title='bbox 1278 1178 1532 1245; x_wconf 78' lang='lat' dir='ltr'>habuerit,</span> <span class='ocrx_word' id='word_1_90' title='bbox 1565 1198 1632 1234; x_wconf 72' lang='lat' dir='ltr'>ecc</span> <span class='ocrx_word' id='word_1_91' title='bbox 1675 1179 1874 1234; x_wconf 80' lang='lat' dir='ltr'>malitia</span> <span class='ocrx_word' id='word_1_92' title='bbox 1915 1179 1994 1234; x_wconf 83' lang='lat' dir='ltr'>vel</span> 
     </span>
     <span class='ocr_line' id='line_1_13' title="bbox 260 1272 1992 1347; baseline -0.001 -20"><span class='ocrx_word' id='word_1_93' title='bbox 260 1273 569 1346; x_wconf 70' lang='lat' dir='ltr'>neyliyentia</span> <span class='ocrx_word' id='word_1_94' title='bbox 618 1273 962 1346; x_wconf 76' lang='lat' dir='ltr'>postposuerit</span> <span class='ocrx_word' id='word_1_95' title='bbox 1018 1272 1095 1328; x_wconf 83' lang='lat' dir='ltr'>uti</span> <span class='ocrx_word' id='word_1_96' title='bbox 1153 1273 1258 1341; x_wconf 64' lang='grc' dir='ltr'>εἰς,</span> <span class='ocrx_word' id='word_1_97' title='bbox 1309 1273 1610 1328; x_wconf 81' lang='lat' dir='ltr'>auctoritate</span> <span class='ocrx_word' id='word_1_98' title='bbox 1646 1273 1992 1347; x_wconf 79' lang='lat' dir='ltr'>posteriorum</span> 
     </span>
     <span class='ocr_line' id='line_1_14' title="bbox 259 1367 1991 1442; baseline 0.001 -21"><span class='ocrx_word' id='word_1_99' title='bbox 259 1369 552 1423; x_wconf 84' lang='lat' dir='ltr'>litterarum</span> <span class='ocrx_word' id='word_1_100' title='bbox 592 1368 758 1423; x_wconf 84' lang='lat' dir='ltr'>valeat</span> <span class='ocrx_word' id='word_1_101' title='bbox 800 1368 1097 1435; x_wconf 73' lang='lat' dir='ltr'>conveniri,</span> <span class='ocrx_word' id='word_1_102' title='bbox 1139 1368 1255 1422; x_wconf 77' lang='lat' dir='ltr'>licet</span> <span class='ocrx_word' id='word_1_103' title='bbox 1294 1367 1348 1421; x_wconf 80' lang='lat' dir='ltr'>in</span> <span class='ocrx_word' id='word_1_104' title='bbox 1392 1368 1511 1440; x_wconf 82' lang='lat' dir='ltr'>ipsis</span> <span class='ocrx_word' id='word_1_105' title='bbox 1552 1368 1700 1423; x_wconf 83' lang='lat' dir='ltr'>nulla</span> <span class='ocrx_word' id='word_1_106' title='bbox 1742 1369 1804 1424; x_wconf 84' lang='lat' dir='ltr'>de</span> <span class='ocrx_word' id='word_1_107' title='bbox 1841 1368 1991 1442; x_wconf 85' lang='lat' dir='ltr'>prio-</span> 
     </span>
     <span class='ocr_line' id='line_1_15' title="bbox 262 1464 939 1522; baseline 0.004 -3"><span class='ocrx_word' id='word_1_108' title='bbox 262 1465 401 1520; x_wconf 79' lang='lat' dir='ltr'>ribus</span> <span class='ocrx_word' id='word_1_109' title='bbox 444 1464 631 1521; x_wconf 82' lang='lat' dir='ltr'>mentio</span> <span class='ocrx_word' id='word_1_110' title='bbox 673 1464 939 1522; x_wconf 80' lang='lat' dir='ltr'>habeatur.</span> 
     </span>
    </p>
   </div>
   <div class='ocr_carea' id='block_1_3' title="bbox 397 1636 1852 1828">
    <p class='ocr_par' dir='ltr' id='par_1_4' title="bbox 397 1636 1852 1828">
     <span class='ocr_line' id='line_1_16' title="bbox 1028 1636 1221 1713; baseline 0 -15"><span class='ocrx_word' id='word_1_111' title='bbox 1028 1636 1072 1713; x_wconf 62' lang='grc'>3.</span> <span class='ocrx_word' id='word_1_112' title='bbox 1130 1646 1221 1698; x_wconf 72' lang='lat'>29.</span> 
     </span>
     <span class='ocr_line' id='line_1_17' title="bbox 397 1778 1852 1828; baseline 0.002 -4"><span class='ocrx_word' id='word_1_113' title='bbox 397 1780 468 1825; x_wconf 88' lang='lat' dir='ltr'>DE</span> <span class='ocrx_word' id='word_1_114' title='bbox 507 1778 840 1825; x_wconf 82' lang='lat' dir='ltr'>RESCRIPTIS</span> <span class='ocrx_word' id='word_1_115' title='bbox 877 1779 1128 1827; x_wconf 85' lang='lat' dir='ltr'>VITIOSIS</span> <span class='ocrx_word' id='word_1_116' title='bbox 1166 1780 1418 1827; x_wconf 83' lang='lat' dir='ltr'><strong>RATIONE</strong></span> <span class='ocrx_word' id='word_1_117' title='bbox 1460 1780 1852 1828; x_wconf 77' lang='lat' dir='ltr'>PERSONARUM</span> 
     </span>
    </p>
   </div>
   <div class='ocr_carea' id='block_1_4' title="bbox 262 1940 1987 2868">
    <p class='ocr_par' dir='ltr' id='par_1_5' title="bbox 262 1940 1987 2484">
     <span class='ocr_line' id='line_1_18' title="bbox 340 1940 1976 2018; baseline 0.001 -22"><span class='ocrx_word' id='word_1_118' title='bbox 340 1940 606 2016; x_wconf 82' lang='lat' dir='ltr'>Rescripta</span> <span class='ocrx_word' id='word_1_119' title='bbox 669 1943 769 1997; x_wconf 82' lang='lat' dir='ltr'>vim</span> <span class='ocrx_word' id='word_1_120' title='bbox 830 1962 927 1998; x_wconf 89' lang='lat' dir='ltr'>non</span> <span class='ocrx_word' id='word_1_121' title='bbox 987 1943 1209 2013; x_wconf 87' lang='lat' dir='ltr'>habent,</span> <span class='ocrx_word' id='word_1_122' title='bbox 1260 1945 1357 1999; x_wconf 88' lang='lat' dir='ltr'>nisi</span> <span class='ocrx_word' id='word_1_123' title='bbox 1411 1945 1544 1999; x_wconf 90' lang='lat' dir='ltr'>vitiis</span> <span class='ocrx_word' id='word_1_124' title='bbox 1589 1945 1813 2018; x_wconf 85' lang='lat' dir='ltr'>expertia</span> <span class='ocrx_word' id='word_1_125' title='bbox 1859 1944 1976 1998; x_wconf 88' lang='lat' dir='ltr'>sint.</span> 
     </span>
     <span class='ocr_line' id='line_1_19' title="bbox 262 2034 1987 2112; baseline 0.002 -23"><span class='ocrx_word' id='word_1_126' title='bbox 262 2034 477 2109; x_wconf 90' lang='lat' dir='ltr'>Triplici</span> <span class='ocrx_word' id='word_1_127' title='bbox 530 2049 693 2091; x_wconf 87' lang='lat' dir='ltr'>autem</span> <span class='ocrx_word' id='word_1_128' title='bbox 740 2038 860 2093; x_wconf 90' lang='lat' dir='ltr'>vitio</span> <span class='ocrx_word' id='word_1_129' title='bbox 903 2038 1134 2094; x_wconf 89' lang='lat' dir='ltr'>laborare</span> <span class='ocrx_word' id='word_1_130' title='bbox 1179 2040 1420 2112; x_wconf 88' lang='lat' dir='ltr'>rescripta</span> <span class='ocrx_word' id='word_1_131' title='bbox 1464 2050 1708 2112; x_wconf 87' lang='lat' dir='ltr'>possunt,</span> <span class='ocrx_word' id='word_1_132' title='bbox 1754 2037 1987 2093; x_wconf 86' lang='lat' dir='ltr'>videlicet</span> 
     </span>
     <span class='ocr_line' id='line_1_20' title="bbox 264 2131 1979 2205; baseline 0.002 -22"><span class='ocrx_word' id='word_1_133' title='bbox 264 2131 385 2184; x_wconf 85' lang='lat' dir='ltr'>vitio</span> <span class='ocrx_word' id='word_1_134' title='bbox 432 2148 796 2201; x_wconf 80' lang='lat' dir='ltr'>personarum,</span> <span class='ocrx_word' id='word_1_135' title='bbox 840 2151 966 2205; x_wconf 90' lang='lat' dir='ltr'>quae</span> <span class='ocrx_word' id='word_1_136' title='bbox 1010 2133 1221 2187; x_wconf 88' lang='lat' dir='ltr'>inabiles</span> <span class='ocrx_word' id='word_1_137' title='bbox 1266 2134 1365 2188; x_wconf 90' lang='lat' dir='ltr'>sint</span> <span class='ocrx_word' id='word_1_138' title='bbox 1409 2133 1483 2187; x_wconf 87' lang='lat' dir='ltr'>vel</span> <span class='ocrx_word' id='word_1_139' title='bbox 1527 2132 1857 2188; x_wconf 89' lang='lat' dir='ltr'>concedendis</span> <span class='ocrx_word' id='word_1_140' title='bbox 1903 2133 1979 2188; x_wconf 88' lang='lat' dir='ltr'>vel</span> 
     </span>
     <span class='ocr_line' id='line_1_21' title="bbox 263 2225 1981 2301; baseline 0.001 -21"><span class='ocrx_word' id='word_1_141' title='bbox 263 2225 548 2280; x_wconf 86' lang='lat' dir='ltr'>obtinendis</span> <span class='ocrx_word' id='word_1_142' title='bbox 604 2228 894 2300; x_wconf 75' lang='lat' dir='ltr'>rescriptis,</span> <span class='ocrx_word' id='word_1_143' title='bbox 940 2228 1059 2283; x_wconf 80' lang='lat' dir='ltr'>vitio</span> <span class='ocrx_word' id='word_1_144' title='bbox 1097 2246 1346 2299; x_wconf 84' lang='lat' dir='ltr'>precum,</span> <span class='ocrx_word' id='word_1_145' title='bbox 1390 2247 1517 2301; x_wconf 88' lang='lat' dir='ltr'>quae</span> <span class='ocrx_word' id='word_1_146' title='bbox 1565 2228 1821 2284; x_wconf 83' lang='lat' dir='ltr'>veritatem</span> <span class='ocrx_word' id='word_1_147' title='bbox 1865 2247 1981 2301; x_wconf 85' lang='lat' dir='ltr'>sup-</span> 
     </span>
     <span class='ocr_line' id='line_1_22' title="bbox 262 2320 1973 2395; baseline 0.001 -22"><span class='ocrx_word' id='word_1_148' title='bbox 262 2321 498 2393; x_wconf 86' lang='lat' dir='ltr'>primant,</span> <span class='ocrx_word' id='word_1_149' title='bbox 545 2321 618 2375; x_wconf 87' lang='lat' dir='ltr'>vel</span> <span class='ocrx_word' id='word_1_150' title='bbox 662 2320 930 2376; x_wconf 79' lang='lat' dir='ltr'>falsitatem</span> <span class='ocrx_word' id='word_1_151' title='bbox 974 2324 1285 2392; x_wconf 73' lang='lat' dir='ltr'>contineant,</span> <span class='ocrx_word' id='word_1_152' title='bbox 1329 2335 1376 2376; x_wconf 87' lang='lat' dir='ltr'>et</span> <span class='ocrx_word' id='word_1_153' title='bbox 1422 2325 1539 2378; x_wconf 90' lang='lat' dir='ltr'>vitio</span> <span class='ocrx_word' id='word_1_154' title='bbox 1581 2324 1800 2395; x_wconf 79' lang='lat' dir='ltr'>formae,</span> <span class='ocrx_word' id='word_1_155' title='bbox 1845 2340 1973 2394; x_wconf 89' lang='lat' dir='ltr'>quae</span> 
     </span>
     <span class='ocr_line' id='line_1_23' title="bbox 266 2415 1084 2484; baseline 0.006 -17"><span class='ocrx_word' id='word_1_156' title='bbox 266 2415 483 2484; x_wconf 82' lang='lat' dir='ltr'>legitime</span> <span class='ocrx_word' id='word_1_157' title='bbox 526 2427 731 2469; x_wconf 80' lang='lat' dir='ltr'>exarata</span> <span class='ocrx_word' id='word_1_158' title='bbox 777 2435 872 2471; x_wconf 89' lang='lat' dir='ltr'>non</span> <span class='ocrx_word' id='word_1_159' title='bbox 919 2416 1084 2472; x_wconf 86' lang='lat' dir='ltr'>fuerit.</span> 
     </span>
    </p>

    <p class='ocr_par' dir='ltr' id='par_1_6' title="bbox 265 2508 1977 2868">
     <span class='ocr_line' id='line_1_24' title="bbox 344 2508 1977 2585; baseline 0.001 -23"><span class='ocrx_word' id='word_1_160' title='bbox 344 2508 398 2563; x_wconf 85' lang='lat' dir='ltr'>ln</span> <span class='ocrx_word' id='word_1_161' title='bbox 445 2511 620 2583; x_wconf 84' lang='lat' dir='ltr'>primis</span> <span class='ocrx_word' id='word_1_162' title='bbox 666 2511 831 2582; x_wconf 83' lang='lat' dir='ltr'>itaque</span> <span class='ocrx_word' id='word_1_163' title='bbox 874 2510 934 2564; x_wconf 90' lang='lat' dir='ltr'>de</span> <span class='ocrx_word' id='word_1_164' title='bbox 979 2530 1191 2584; x_wconf 81' lang='lat' dir='ltr'>persona</span> <span class='ocrx_word' id='word_1_165' title='bbox 1235 2512 1549 2567; x_wconf 73' lang='lat' dir='ltr'>concedentis</span> <span class='ocrx_word' id='word_1_166' title='bbox 1593 2525 1639 2566; x_wconf 91' lang='lat' dir='ltr'>et</span> <span class='ocrx_word' id='word_1_167' title='bbox 1666 2512 1977 2585; x_wconf 84' lang='lat' dir='ltr'>impetrantis</span> 
     </span>
     <span class='ocr_line' id='line_1_25' title="bbox 267 2603 1977 2679; baseline 0.002 -23"><span class='ocrx_word' id='word_1_168' title='bbox 267 2604 535 2658; x_wconf 70' lang='lat' dir='ltr'>videndum</span> <span class='ocrx_word' id='word_1_169' title='bbox 597 2616 686 2659; x_wconf 82' lang='lat' dir='ltr'>est.</span> <span class='ocrx_word' id='word_1_170' title='bbox 750 2603 1014 2678; x_wconf 77' lang='lat' dir='ltr'>Rescripta</span> <span class='ocrx_word' id='word_1_171' title='bbox 1075 2606 1343 2660; x_wconf 79' lang='lat' dir='ltr'>concedere</span> <span class='ocrx_word' id='word_1_172' title='bbox 1404 2618 1563 2679; x_wconf 79' lang='lat' dir='ltr'>potest</span> <span class='ocrx_word' id='word_1_173' title='bbox 1615 2608 1699 2679; x_wconf 89' lang='lat' dir='ltr'>qui</span> <span class='ocrx_word' id='word_1_174' title='bbox 1744 2625 1977 2678; x_wconf 86' lang='lat' dir='ltr'>suprema</span> 
     </span>
     <span class='ocr_line' id='line_1_26' title="bbox 265 2700 1976 2774; baseline 0.002 -23"><span class='ocrx_word' id='word_1_175' title='bbox 265 2710 503 2769; x_wconf 69' lang='lat' dir='ltr'>potestate</span> <span class='ocrx_word' id='word_1_176' title='bbox 558 2700 743 2772; x_wconf 82' lang='lat' dir='ltr'>pollet,</span> <span class='ocrx_word' id='word_1_177' title='bbox 788 2700 947 2772; x_wconf 69' lang='lat' dir='ltr'>iisque</span> <span class='ocrx_word' id='word_1_178' title='bbox 982 2712 1181 2754; x_wconf 81' lang='lat' dir='ltr'>tantum</span> <span class='ocrx_word' id='word_1_179' title='bbox 1226 2703 1274 2755; x_wconf 87' lang='lat' dir='ltr'>in</span> <span class='ocrx_word' id='word_1_180' title='bbox 1321 2702 1465 2755; x_wconf 82' lang='lat' dir='ltr'>rebus</span> <span class='ocrx_word' id='word_1_181' title='bbox 1511 2720 1636 2774; x_wconf 86' lang='lat' dir='ltr'>quae</span> <span class='ocrx_word' id='word_1_182' title='bbox 1681 2702 1838 2774; x_wconf 77' lang='lat' dir='ltr'>ipsius</span> <span class='ocrx_word' id='word_1_183' title='bbox 1883 2703 1976 2755; x_wconf 85' lang='lat' dir='ltr'>im-</span> 
     </span>
     <span class='ocr_line' id='line_1_27' title="bbox 266 2794 1976 2868; baseline 0.002 -23"><span class='ocrx_word' id='word_1_184' title='bbox 266 2795 402 2865; x_wconf 73' lang='lat' dir='ltr'>perio</span> <span class='ocrx_word' id='word_1_185' title='bbox 464 2794 812 2863; x_wconf 72' lang='lat' dir='ltr'>subjiciuntur.</span> <span class='ocrx_word' id='word_1_186' title='bbox 878 2794 957 2848; x_wconf 76' lang='lat' dir='ltr'>Ex</span> <span class='ocrx_word' id='word_1_187' title='bbox 1015 2815 1113 2868; x_wconf 83' lang='lat' dir='ltr'>quo</span> <span class='ocrx_word' id='word_1_188' title='bbox 1166 2796 1462 2866; x_wconf 77' lang='lat' dir='ltr'>intelligitur</span> <span class='ocrx_word' id='word_1_189' title='bbox 1503 2797 1599 2850; x_wconf 79' lang='lat' dir='ltr'>soli</span> <span class='ocrx_word' id='word_1_190' title='bbox 1642 2794 1879 2851; x_wconf 77' lang='lat' dir='ltr'>Pontifici</span> <span class='ocrx_word' id='word_1_191' title='bbox 1924 2797 1976 2849; x_wconf 88' lang='lat' dir='ltr'>in</span> 
     </span>
    </p>
   </div>
   <div class='ocr_carea' id='block_1_5' title="bbox 269 2892 1973 2968">
    <p class='ocr_par' dir='ltr' id='par_1_7' title="bbox 269 2892 1973 2968">
     <span class='ocr_line' id='line_1_28' title="bbox 269 2892 1973 2968; baseline 0.002 -24"><span class='ocrx_word' id='word_1_192' title='bbox 269 2892 412 2944; x_wconf 71' lang='lat' dir='ltr'>rebus</span> <span class='ocrx_word' id='word_1_193' title='bbox 475 2894 818 2964; x_wconf 75' lang='lat' dir='ltr'>spiritualibus</span> <span class='ocrx_word' id='word_1_194' title='bbox 879 2904 923 2945; x_wconf 83' lang='lat' dir='ltr'>et</span> <span class='ocrx_word' id='word_1_195' title='bbox 984 2895 1362 2961; x_wconf 81' lang='lat' dir='ltr'>ecclesiasticis,</span> <span class='ocrx_word' id='word_1_196' title='bbox 1436 2894 1756 2968; x_wconf 75' lang='lat' dir='ltr'>Principibus</span> <span class='ocrx_word' id='word_1_197' title='bbox 1812 2907 1973 2950; x_wconf 84' lang='lat' dir='ltr'>autem</span> 
     </span>
    </p>
   </div>
  </div>
 </body>
</html>
