<?xml version="1.0" encoding="UTF-8"?>
<!DOCTYPE html PUBLIC "-//W3C//DTD XHTML 1.0 Transitional//EN"
    "http://www.w3.org/TR/xhtml1/DTD/xhtml1-transitional.dtd">
<html xmlns="http://www.w3.org/1999/xhtml" xml:lang="en" lang="en">
 <head>
  <title>
</title>
<meta http-equiv="Content-Type" content="text/html;charset=utf-8" />
  <meta name='ocr-system' content='tesseract 3.04.00' />
  <meta name='ocr-capabilities' content='ocr_page ocr_carea ocr_par ocr_line ocrx_word'/>
</head>
<body>
  <div class='ocr_page' id='page_1' title='image "./joanniscardinali00sogl_0147.png"; bbox 0 0 2114 3289; ppageno 0'>
   <div class='ocr_carea' id='block_1_1' title="bbox 437 101 1764 174">
    <p class='ocr_par' dir='ltr' id='par_1_1' title="bbox 437 101 1764 174">
     <span class='ocr_line' id='line_1_1' title="bbox 437 101 1764 174; baseline 0.001 -15"><span class='ocrx_word' id='word_1_1' title='bbox 437 101 481 174; x_wconf 64' lang='lat' dir='ltr'><em>f„</em></span> <span class='ocrx_word' id='word_1_2' title='bbox 515 126 593 159; x_wconf 75' lang='grc' dir='ltr'><em>ιν.</em></span> <span class='ocrx_word' id='word_1_3' title='bbox 630 124 688 157; x_wconf 84' lang='lat' dir='ltr'><em>DE</em></span> <span class='ocrx_word' id='word_1_4' title='bbox 720 123 989 158; x_wconf 53' lang='lat' dir='ltr'><em>AtchomT.</em></span> <span class='ocrx_word' id='word_1_5' title='bbox 1023 124 1231 159; x_wconf 70' lang='lat' dir='ltr'><em>necnnrt</em></span> <span class='ocrx_word' id='word_1_6' title='bbox 1263 124 1500 159; x_wconf 77' lang='lat' dir='ltr'>GRATIANI</span> <span class='ocrx_word' id='word_1_7' title='bbox 1657 110 1764 161; x_wconf 74' lang='lat'><em>129</em></span> 
     </span>
    </p>
   </div>
   <div class='ocr_carea' id='block_1_2' title="bbox 102 225 1845 2849">
    <p class='ocr_par' dir='ltr' id='par_1_2' title="bbox 107 225 1845 1712">
     <span class='ocr_line' id='line_1_2' title="bbox 122 225 1844 300; baseline 0.001 -20"><span class='ocrx_word' id='word_1_8' title='bbox 122 239 451 299; x_wconf 80' lang='lat' dir='ltr'><em>expurgatum</em></span> <span class='ocrx_word' id='word_1_9' title='bbox 493 237 540 279; x_wconf 90' lang='lat' dir='ltr'><em>et</em></span> <span class='ocrx_word' id='word_1_10' title='bbox 582 236 859 280; x_wconf 86' lang='lat' dir='ltr'><em>correctum</em></span> <span class='ocrx_word' id='word_1_11' title='bbox 901 225 1242 294; x_wconf 73' lang='lat' dir='ltr'><em>exhiberetur,</em></span> <span class='ocrx_word' id='word_1_12' title='bbox 1281 226 1367 280; x_wconf 86' lang='lat' dir='ltr'><em>sed</em></span> <span class='ocrx_word' id='word_1_13' title='bbox 1414 226 1605 280; x_wconf 87' lang='lat' dir='ltr'><em>nullum</em></span> <span class='ocrx_word' id='word_1_14' title='bbox 1637 247 1844 300; x_wconf 77' lang='lat' dir='ltr'><em>prorsus</em></span> 
     </span>
     <span class='ocr_line' id='line_1_3' title="bbox 122 318 1840 391; baseline 0.002 -19"><span class='ocrx_word' id='word_1_15' title='bbox 122 320 327 374; x_wconf 87' lang='lat' dir='ltr'><em>verbum</em></span> <span class='ocrx_word' id='word_1_16' title='bbox 368 318 519 388; x_wconf 73' lang='lat' dir='ltr'><em>fecit,</em></span> <span class='ocrx_word' id='word_1_17' title='bbox 561 337 623 373; x_wconf 81' lang='lat' dir='ltr'><em>ex</em></span> <span class='ocrx_word' id='word_1_18' title='bbox 667 337 765 391; x_wconf 89' lang='lat' dir='ltr'><em>quo</em></span> <span class='ocrx_word' id='word_1_19' title='bbox 809 330 1094 387; x_wconf 69' lang='lat' dir='ltr'><em>constaret„</em></span> <span class='ocrx_word' id='word_1_20' title='bbox 1147 319 1274 373; x_wconf 88' lang='lat' dir='ltr'><em>illud</em></span> <span class='ocrx_word' id='word_1_21' title='bbox 1333 321 1485 375; x_wconf 88' lang='lat' dir='ltr'><em>etiam</em></span> <span class='ocrx_word' id='word_1_22' title='bbox 1546 321 1840 375; x_wconf 86' lang='lat' dir='ltr'><em>auctoritate</em></span> 
     </span>
     <span class='ocr_line' id='line_1_4' title="bbox 121 412 1845 484; baseline 0.001 -17"><span class='ocrx_word' id='word_1_23' title='bbox 121 412 270 484; x_wconf 83' lang='lat' dir='ltr'><em>legali</em></span> <span class='ocrx_word' id='word_1_24' title='bbox 311 412 597 469; x_wconf 80' lang='lat' dir='ltr'>donavisse.</span> <span class='ocrx_word' id='word_1_25' title='bbox 642 412 978 468; x_wconf 89' lang='lat' dir='ltr'><em>Emendatum</em></span> <span class='ocrx_word' id='word_1_26' title='bbox 1021 414 1177 483; x_wconf 82' lang='lat' dir='ltr'><em>igitur</em></span> <span class='ocrx_word' id='word_1_27' title='bbox 1205 434 1233 468; x_wconf 89' lang='lat' dir='ltr'><em>a</em></span> <span class='ocrx_word' id='word_1_28' title='bbox 1262 412 1512 484; x_wconf 81' lang='lat' dir='ltr'>Gregorio</span> <span class='ocrx_word' id='word_1_29' title='bbox 1556 412 1687 468; x_wconf 89' lang='lat' dir='ltr'>XIII</span> <span class='ocrx_word' id='word_1_30' title='bbox 1731 413 1845 482; x_wconf 75' lang='lat' dir='ltr'><em>fuit,</em></span> 
     </span>
     <span class='ocr_line' id='line_1_5' title="bbox 119 506 1843 581; baseline 0.001 -20"><span class='ocrx_word' id='word_1_31' title='bbox 119 525 217 563; x_wconf 91' lang='lat' dir='ltr'><em>non</em></span> <span class='ocrx_word' id='word_1_32' title='bbox 260 506 624 581; x_wconf 77' lang='lat' dir='ltr'><em>approbatum,</em></span> <span class='ocrx_word' id='word_1_33' title='bbox 674 525 761 561; x_wconf 91' lang='lat' dir='ltr'><em>nec</em></span> <span class='ocrx_word' id='word_1_34' title='bbox 823 507 1164 561; x_wconf 89' lang='lat' dir='ltr'><em>authenticum</em></span> <span class='ocrx_word' id='word_1_35' title='bbox 1224 507 1552 563; x_wconf 85' lang='lat' dir='ltr'><em>declaratum.</em></span> <span class='ocrx_word' id='word_1_36' title='bbox 1613 506 1688 563; x_wconf 92' lang='lat' dir='ltr'><em>De</em></span> <span class='ocrx_word' id='word_1_37' title='bbox 1747 509 1843 563; x_wconf 89' lang='lat' dir='ltr'><em>hac</em></span> 
     </span>
     <span class='ocr_line' id='line_1_6' title="bbox 118 598 1838 671; baseline 0.002 -16"><span class='ocrx_word' id='word_1_38' title='bbox 118 602 359 656; x_wconf 86' lang='lat' dir='ltr'><em>sententia</em></span> <span class='ocrx_word' id='word_1_39' title='bbox 402 599 703 655; x_wconf 78' lang='lat' dir='ltr'>Benedictus</span> <span class='ocrx_word' id='word_1_40' title='bbox 748 598 875 655; x_wconf 89' lang='lat' dir='ltr'><em>XIV</em></span> <span class='ocrx_word' id='word_1_41' title='bbox 916 602 986 654; x_wconf 89' lang='lat' dir='ltr'><em>ita</em></span> <span class='ocrx_word' id='word_1_42' title='bbox 1031 600 1208 656; x_wconf 84' lang='lat' dir='ltr'><em>scribit</em></span> <span class='ocrx_word' id='word_1_43' title='bbox 1251 601 1312 655; x_wconf 93' lang='lat' dir='ltr'><em>de</em></span> <span class='ocrx_word' id='word_1_44' title='bbox 1356 599 1480 671; x_wconf 81' lang='lat' dir='ltr'><em>Syn.</em></span> <span class='ocrx_word' id='word_1_45' title='bbox 1527 601 1700 658; x_wconf 91' lang='lat' dir='ltr'><em>Dioec.</em></span> <span class='ocrx_word' id='word_1_46' title='bbox 1746 602 1838 658; x_wconf 89' lang='lat' dir='ltr'><em>lib.</em></span> 
     </span>
     <span class='ocr_line' id='line_1_7' title="bbox 117 691 1842 768; baseline 0 -20"><span class='ocrx_word' id='word_1_47' title='bbox 117 691 217 748; x_wconf 94' lang='lat' dir='ltr'><em>VII</em></span> <span class='ocrx_word' id='word_1_48' title='bbox 258 713 368 768; x_wconf 84' lang='lat' dir='ltr'><em>cap.</em></span> <span class='ocrx_word' id='word_1_49' title='bbox 417 697 487 749; x_wconf 81' lang='lat'><em>15</em></span> <span class='ocrx_word' id='word_1_50' title='bbox 531 714 581 750; x_wconf 92' lang='lat' dir='ltr'><em>n.</em></span> <span class='ocrx_word' id='word_1_51' title='bbox 629 698 697 749; x_wconf 90' lang='lat'><em>6:</em></span> <span class='ocrx_word' id='word_1_52' title='bbox 741 693 990 748; x_wconf 75' lang='lat' dir='ltr'><em>Gratiani</em></span> <span class='ocrx_word' id='word_1_53' title='bbox 1031 697 1329 760; x_wconf 73' lang='lat' dir='ltr'><strong><em>Decretum,</em></strong></span> <span class='ocrx_word' id='word_1_54' title='bbox 1359 695 1685 766; x_wconf 71' lang='lat' dir='ltr'><em>quantumvis</em></span> <span class='ocrx_word' id='word_1_55' title='bbox 1722 696 1842 768; x_wconf 79' lang='lat' dir='ltr'><em>pln-</em></span> 
     </span>
     <span class='ocr_line' id='line_1_8' title="bbox 107 787 1844 862; baseline 0.001 -21"><span class='ocrx_word' id='word_1_56' title='bbox 107 787 209 842; x_wconf 78' lang='lat' dir='ltr'><em>ries</em></span> <span class='ocrx_word' id='word_1_57' title='bbox 252 790 609 843; x_wconf 80' lang='lat' dir='ltr'><em>Romanorum</em></span> <span class='ocrx_word' id='word_1_58' title='bbox 651 788 963 862; x_wconf 75' lang='lat' dir='ltr'><em>Pontificum</em></span> <span class='ocrx_word' id='word_1_59' title='bbox 1006 806 1134 842; x_wconf 77' lang='lat' dir='ltr'><em>cura</em></span> <span class='ocrx_word' id='word_1_60' title='bbox 1176 790 1503 843; x_wconf 74' lang='lat' dir='ltr'><em>emendatum</em></span> <span class='ocrx_word' id='word_1_61' title='bbox 1543 790 1699 862; x_wconf 76' lang='lat' dir='ltr'><em>fnisse</em></span> <span class='ocrx_word' id='word_1_62' title='bbox 1741 808 1844 844; x_wconf 88' lang='lat' dir='ltr'><em>non</em></span> 
     </span>
     <span class='ocr_line' id='line_1_9' title="bbox 111 881 1842 956; baseline 0.002 -21"><span class='ocrx_word' id='word_1_63' title='bbox 111 882 415 953; x_wconf 70' lang='lat' dir='ltr'><em>iqnoretur‚</em></span> <span class='ocrx_word' id='word_1_64' title='bbox 471 881 574 937; x_wconf 72' lang='lat' dir='ltr'><em>vim</em></span> <span class='ocrx_word' id='word_1_65' title='bbox 634 893 680 936; x_wconf 84' lang='lat' dir='ltr'><em>et</em></span> <span class='ocrx_word' id='word_1_66' title='bbox 730 883 936 955; x_wconf 75' lang='lat' dir='ltr'><em>pondus</em></span> <span class='ocrx_word' id='word_1_67' title='bbox 996 882 1120 954; x_wconf 74' lang='lat' dir='ltr'><em>leqis</em></span> <span class='ocrx_word' id='word_1_68' title='bbox 1179 901 1283 936; x_wconf 91' lang='lat' dir='ltr'><em>non</em></span> <span class='ocrx_word' id='word_1_69' title='bbox 1342 883 1529 954; x_wconf 66' lang='lat' dir='ltr'><em>habet3</em></span> <span class='ocrx_word' id='word_1_70' title='bbox 1572 884 1697 956; x_wconf 80' lang='lat' dir='ltr'><em>quin</em></span> <span class='ocrx_word' id='word_1_71' title='bbox 1739 884 1842 938; x_wconf 80' lang='lat' dir='ltr'><em>imo</em></span> 
     </span>
     <span class='ocr_line' id='line_1_10' title="bbox 113 976 1838 1050; baseline 0.002 -21"><span class='ocrx_word' id='word_1_72' title='bbox 113 976 248 1030; x_wconf 81' lang='lat' dir='ltr'><em>inter</em></span> <span class='ocrx_word' id='word_1_73' title='bbox 290 996 459 1032; x_wconf 80' lang='lat' dir='ltr'><em>omnes</em></span> <span class='ocrx_word' id='word_1_74' title='bbox 500 987 759 1050; x_wconf 75' lang='lat' dir='ltr'><em>receptum</em></span> <span class='ocrx_word' id='word_1_75' title='bbox 802 988 909 1044; x_wconf 72' lang='lat' dir='ltr'><em>est,</em></span> <span class='ocrx_word' id='word_1_76' title='bbox 953 977 1210 1049; x_wconf 72' lang='lat' dir='ltr'><em>quidquid</em></span> <span class='ocrx_word' id='word_1_77' title='bbox 1251 979 1310 1031; x_wconf 87' lang='lat' dir='ltr'><em>in</em></span> <span class='ocrx_word' id='word_1_78' title='bbox 1351 978 1462 1050; x_wconf 78' lang='lat' dir='ltr'><em>ipso</em></span> <span class='ocrx_word' id='word_1_79' title='bbox 1506 980 1838 1046; x_wconf 69' lang='lat' dir='ltr'><em>continetur,</em></span> 
     </span>
     <span class='ocr_line' id='line_1_11' title="bbox 111 1073 1840 1145; baseline 0.001 -19"><span class='ocrx_word' id='word_1_80' title='bbox 111 1082 313 1128; x_wconf 80' lang='lat' dir='ltr'><em>tantum</em></span> <span class='ocrx_word' id='word_1_81' title='bbox 363 1074 689 1128; x_wconf 76' lang='lat' dir='ltr'><em>auctoritatis</em></span> <span class='ocrx_word' id='word_1_82' title='bbox 731 1073 937 1140; x_wconf 73' lang='lat' dir='ltr'><em>habere,</em></span> <span class='ocrx_word' id='word_1_83' title='bbox 981 1085 1231 1145; x_wconf 51' lang='lat' dir='ltr'><em>qnantum¹</em></span> <span class='ocrx_word' id='word_1_84' title='bbox 1275 1093 1342 1128; x_wconf 72' lang='lat' dir='ltr'><em>ex</em></span> <span class='ocrx_word' id='word_1_85' title='bbox 1383 1093 1432 1129; x_wconf 81' lang='lat' dir='ltr'><em>se</em></span> <span class='ocrx_word' id='word_1_86' title='bbox 1475 1074 1753 1141; x_wconf 72' lang='lat' dir='ltr'><em>habuisset,</em></span> <span class='ocrx_word' id='word_1_87' title='bbox 1798 1075 1840 1128; x_wconf 79' lang='lat' dir='ltr'><em>si</em></span> 
     </span>
     <span class='ocr_line' id='line_1_12' title="bbox 109 1167 1843 1241; baseline 0.002 -20"><span class='ocrx_word' id='word_1_88' title='bbox 109 1185 376 1240; x_wconf 79' lang='lat' dir='ltr'><em>nunquam</em></span> <span class='ocrx_word' id='word_1_89' title='bbox 417 1167 472 1221; x_wconf 85' lang='lat' dir='ltr'><em>in</em></span> <span class='ocrx_word' id='word_1_90' title='bbox 515 1168 765 1223; x_wconf 76' lang='lat' dir='ltr'><em>Gratiani</em></span> <span class='ocrx_word' id='word_1_91' title='bbox 808 1167 1098 1223; x_wconf 73' lang='lat' dir='ltr'><em>collectione</em></span> <span class='ocrx_word' id='word_1_92' title='bbox 1141 1169 1392 1223; x_wconf 81' lang='lat' dir='ltr'><em>insertum</em></span> <span class='ocrx_word' id='word_1_93' title='bbox 1432 1169 1580 1241; x_wconf 75' lang='lat' dir='ltr'><em>foret.</em></span> <span class='ocrx_word' id='word_1_94' title='bbox 1639 1170 1843 1225; x_wconf 80' lang='lat' dir='ltr'><em>Fallunt</em></span> 
     </span>
     <span class='ocr_line' id='line_1_13' title="bbox 109 1262 1840 1337; baseline 0.001 -19"><span class='ocrx_word' id='word_1_95' title='bbox 109 1264 306 1336; x_wconf 70' lang='lat' dir='ltr'><em>itaque,</em></span> <span class='ocrx_word' id='word_1_96' title='bbox 355 1262 430 1318; x_wconf 86' lang='lat' dir='ltr'><em>vel</em></span> <span class='ocrx_word' id='word_1_97' title='bbox 474 1262 750 1331; x_wconf 71' lang='lat' dir='ltr'><em>falluntur,</em></span> <span class='ocrx_word' id='word_1_98' title='bbox 795 1264 881 1335; x_wconf 86' lang='lat' dir='ltr'><em>qui</em></span> <span class='ocrx_word' id='word_1_99' title='bbox 925 1265 976 1318; x_wconf 91' lang='lat' dir='ltr'><em>in</em></span> <span class='ocrx_word' id='word_1_100' title='bbox 1021 1264 1197 1333; x_wconf 80' lang='lat' dir='ltr'><em>vulgus</em></span> <span class='ocrx_word' id='word_1_101' title='bbox 1242 1275 1521 1337; x_wconf 73' lang='lat' dir='ltr'><em>spargunt,</em></span> <span class='ocrx_word' id='word_1_102' title='bbox 1567 1262 1840 1321; x_wconf 75' lang='lat' dir='ltr'><em>Pontifices</em></span> 
     </span>
     <span class='ocr_line' id='line_1_14' title="bbox 108 1355 1834 1432; baseline 0 -19"><span class='ocrx_word' id='word_1_103' title='bbox 108 1359 246 1413; x_wconf 89' lang='lat' dir='ltr'><em>omni</em></span> <span class='ocrx_word' id='word_1_104' title='bbox 307 1357 474 1412; x_wconf 88' lang='lat' dir='ltr'><em>studio</em></span> <span class='ocrx_word' id='word_1_105' title='bbox 518 1358 809 1425; x_wconf 76' lang='lat' dir='ltr'><em>curavisse,</em></span> <span class='ocrx_word' id='word_1_106' title='bbox 853 1369 905 1412; x_wconf 92' lang='lat' dir='ltr'><em>ut</em></span> <span class='ocrx_word' id='word_1_107' title='bbox 946 1355 1214 1412; x_wconf 83' lang='lat' dir='ltr'><em>Decretum</em></span> <span class='ocrx_word' id='word_1_108' title='bbox 1258 1355 1530 1425; x_wconf 78' lang='lat' dir='ltr'><em>Gratiani,</em></span> <span class='ocrx_word' id='word_1_109' title='bbox 1576 1370 1834 1432; x_wconf 88' lang='lat' dir='ltr'><em>tamquam</em></span> 
     </span>
     <span class='ocr_line' id='line_1_15' title="bbox 111 1449 1840 1525; baseline 0.001 -18"><span class='ocrx_word' id='word_1_110' title='bbox 111 1449 287 1507; x_wconf 78' lang='lat' dir='ltr'><em>Codex</em></span> <span class='ocrx_word' id='word_1_111' title='bbox 349 1451 662 1506; x_wconf 88' lang='lat' dir='ltr'><em>authenticus</em></span> <span class='ocrx_word' id='word_1_112' title='bbox 723 1450 788 1506; x_wconf 86' lang='lat' dir='ltr'><em>ab</em></span> <span class='ocrx_word' id='word_1_113' title='bbox 841 1450 1074 1506; x_wconf 84' lang='lat' dir='ltr'><em>omnibus</em></span> <span class='ocrx_word' id='word_1_114' title='bbox 1119 1452 1458 1525; x_wconf 70' lang='lat' dir='ltr'><em>reciperetur,</em></span> <span class='ocrx_word' id='word_1_115' title='bbox 1502 1464 1554 1508; x_wconf 91' lang='lat' dir='ltr'><em>ut</em></span> <span class='ocrx_word' id='word_1_116' title='bbox 1598 1454 1840 1508; x_wconf 89' lang='lat' dir='ltr'><em>nimirum</em></span> 
     </span>
     <span class='ocr_line' id='line_1_16' title="bbox 107 1542 1836 1619; baseline 0.001 -18"><span class='ocrx_word' id='word_1_117' title='bbox 107 1565 164 1601; x_wconf 93' lang='lat' dir='ltr'><em>eo</em></span> <span class='ocrx_word' id='word_1_118' title='bbox 208 1557 353 1619; x_wconf 88' lang='lat' dir='ltr'><em>pacto</em></span> <span class='ocrx_word' id='word_1_119' title='bbox 416 1542 716 1601; x_wconf 83' lang='lat' dir='ltr'><em>Isidorianis</em></span> <span class='ocrx_word' id='word_1_120' title='bbox 778 1544 1125 1601; x_wconf 81' lang='lat' dir='ltr'><em>Decretalibus</em></span> <span class='ocrx_word' id='word_1_121' title='bbox 1185 1542 1487 1602; x_wconf 87' lang='lat' dir='ltr'><em>Pontificiae</em></span> <span class='ocrx_word' id='word_1_122' title='bbox 1548 1549 1836 1603; x_wconf 81' lang='lat' dir='ltr'><em>auctoritati</em></span> 
     </span>
     <span class='ocr_line' id='line_1_17' title="bbox 107 1639 1281 1712; baseline 0.001 -18"><span class='ocrx_word' id='word_1_123' title='bbox 107 1639 390 1696; x_wconf 83' lang='lat' dir='ltr'><em>faventibus</em></span> <span class='ocrx_word' id='word_1_124' title='bbox 436 1639 631 1712; x_wconf 85' lang='lat' dir='ltr'><em>pondus</em></span> <span class='ocrx_word' id='word_1_125' title='bbox 674 1651 722 1694; x_wconf 88' lang='lat' dir='ltr'><em>et</em></span> <span class='ocrx_word' id='word_1_126' title='bbox 763 1639 919 1695; x_wconf 85' lang='lat' dir='ltr'><em>robur</em></span> <span class='ocrx_word' id='word_1_127' title='bbox 961 1639 1281 1711; x_wconf 84' lang='lat' dir='ltr'><em>adjiceretur.</em></span> 
     </span>
    </p>

    <p class='ocr_par' dir='ltr' id='par_1_3' title="bbox 102 1733 1836 2849">
     <span class='ocr_line' id='line_1_18' title="bbox 186 1733 1835 1807; baseline 0.001 -17"><span class='ocrx_word' id='word_1_128' title='bbox 186 1733 360 1790; x_wconf 87' lang='lat' dir='ltr'><em>Tertia</em></span> <span class='ocrx_word' id='word_1_129' title='bbox 425 1734 638 1807; x_wconf 89' lang='lat' dir='ltr'><em>denique</em></span> <span class='ocrx_word' id='word_1_130' title='bbox 704 1737 946 1790; x_wconf 85' lang='lat' dir='ltr'><em>sententia</em></span> <span class='ocrx_word' id='word_1_131' title='bbox 1007 1733 1198 1804; x_wconf 73' lang='lat' dir='ltr'><em>tradit,</em></span> <span class='ocrx_word' id='word_1_132' title='bbox 1259 1733 1525 1790; x_wconf 89' lang='lat' dir='ltr'><em>Decretum</em></span> <span class='ocrx_word' id='word_1_133' title='bbox 1587 1737 1835 1807; x_wconf 84' lang='lat' dir='ltr'><em>integrum</em></span> 
     </span>
     <span class='ocr_line' id='line_1_19' title="bbox 107 1829 1835 1904; baseline 0.001 -19"><span class='ocrx_word' id='word_1_134' title='bbox 107 1829 448 1885; x_wconf 89' lang='lat' dir='ltr'><em>authenticum</em></span> <span class='ocrx_word' id='word_1_135' title='bbox 508 1848 653 1898; x_wconf 74' lang='lat' dir='ltr'><em>esse,</em></span> <span class='ocrx_word' id='word_1_136' title='bbox 703 1841 946 1903; x_wconf 83' lang='lat' dir='ltr'><em>quatenus</em></span> <span class='ocrx_word' id='word_1_137' title='bbox 990 1847 1166 1904; x_wconf 89' lang='lat' dir='ltr'><em>nempe</em></span> <span class='ocrx_word' id='word_1_138' title='bbox 1210 1847 1381 1884; x_wconf 85' lang='lat' dir='ltr'><em>omnes</em></span> <span class='ocrx_word' id='word_1_139' title='bbox 1426 1849 1640 1886; x_wconf 85' lang='lat' dir='ltr'><em>canones</em></span> <span class='ocrx_word' id='word_1_140' title='bbox 1684 1833 1835 1886; x_wconf 87' lang='lat' dir='ltr'><em>etiam</em></span> 
     </span>
     <span class='ocr_line' id='line_1_20' title="bbox 106 1923 1835 1997; baseline 0.002 -19"><span class='ocrx_word' id='word_1_141' title='bbox 106 1943 167 1978; x_wconf 76' lang='lat' dir='ltr'><em>ex</em></span> <span class='ocrx_word' id='word_1_142' title='bbox 229 1925 403 1997; x_wconf 84' lang='lat' dir='ltr'><em>spurio</em></span> <span class='ocrx_word' id='word_1_143' title='bbox 461 1923 596 1980; x_wconf 86' lang='lat' dir='ltr'><em>fonte</em></span> <span class='ocrx_word' id='word_1_144' title='bbox 648 1923 898 1997; x_wconf 81' lang='lat' dir='ltr'><em>desumpti</em></span> <span class='ocrx_word' id='word_1_145' title='bbox 950 1925 1246 1980; x_wconf 88' lang='lat' dir='ltr'><em>auctoritate</em></span> <span class='ocrx_word' id='word_1_146' title='bbox 1288 1923 1512 1997; x_wconf 66' lang='lat' dir='ltr'><em>pollent9</em></span> <span class='ocrx_word' id='word_1_147' title='bbox 1557 1925 1835 1982; x_wconf 89' lang='lat' dir='ltr'><em>dummodo</em></span> 
     </span>
     <span class='ocr_line' id='line_1_21' title="bbox 106 2016 1830 2092; baseline 0.002 -20"><span class='ocrx_word' id='word_1_148' title='bbox 106 2036 198 2072; x_wconf 83' lang='lat' dir='ltr'><em>usu</em></span> <span class='ocrx_word' id='word_1_149' title='bbox 240 2029 287 2072; x_wconf 93' lang='lat' dir='ltr'><em>et</em></span> <span class='ocrx_word' id='word_1_150' title='bbox 328 2020 475 2092; x_wconf 82' lang='lat' dir='ltr'><em>praxi</em></span> <span class='ocrx_word' id='word_1_151' title='bbox 518 2019 571 2073; x_wconf 88' lang='lat' dir='ltr'><em>in</em></span> <span class='ocrx_word' id='word_1_152' title='bbox 614 2020 716 2073; x_wconf 89' lang='lat' dir='ltr'><em>vim</em></span> <span class='ocrx_word' id='word_1_153' title='bbox 759 2017 884 2090; x_wconf 80' lang='lat' dir='ltr'><em>legis</em></span> <span class='ocrx_word' id='word_1_154' title='bbox 929 2030 1214 2091; x_wconf 83' lang='lat' dir='ltr'><em>assumptos</em></span> <span class='ocrx_word' id='word_1_155' title='bbox 1257 2016 1412 2073; x_wconf 81' lang='lat' dir='ltr'><em>fuisse</em></span> <span class='ocrx_word' id='word_1_156' title='bbox 1475 2021 1830 2092; x_wconf 87' lang='lat' dir='ltr'><em>comperiatur.</em></span> 
     </span>
     <span class='ocr_line' id='line_1_22' title="bbox 104 2112 1835 2190; baseline 0.001 -22"><span class='ocrx_word' id='word_1_157' title='bbox 104 2112 268 2184; x_wconf 80' lang='lat' dir='ltr'><em>Hujus</em></span> <span class='ocrx_word' id='word_1_158' title='bbox 311 2115 582 2169; x_wconf 78' lang='lat' dir='ltr'><em>sententiae</em></span> <span class='ocrx_word' id='word_1_159' title='bbox 625 2114 824 2187; x_wconf 87' lang='lat' dir='ltr'><em>patroni</em></span> <span class='ocrx_word' id='word_1_160' title='bbox 868 2114 939 2168; x_wconf 90' lang='lat' dir='ltr'><em>rei</em></span> <span class='ocrx_word' id='word_1_161' title='bbox 983 2113 1269 2187; x_wconf 78' lang='lat' dir='ltr'><em>exemplum</em></span> <span class='ocrx_word' id='word_1_162' title='bbox 1314 2126 1515 2169; x_wconf 87' lang='lat' dir='ltr'><em>sumunt</em></span> <span class='ocrx_word' id='word_1_163' title='bbox 1556 2134 1619 2170; x_wconf 76' lang='lat' dir='ltr'><em>ex</em></span> <span class='ocrx_word' id='word_1_164' title='bbox 1670 2117 1835 2190; x_wconf 87' lang='lat' dir='ltr'><em>capite</em></span> 
     </span>
     <span class='ocr_line' id='line_1_23' title="bbox 108 2208 1836 2284; baseline 0.001 -22"><span class='ocrx_word' id='word_1_165' title='bbox 108 2211 139 2262; x_wconf 87' lang='lat'><em>3</em></span> <span class='ocrx_word' id='word_1_166' title='bbox 187 2227 324 2264; x_wconf 81' lang='lat' dir='ltr'><em>caus,</em></span> <span class='ocrx_word' id='word_1_167' title='bbox 373 2212 404 2263; x_wconf 86' lang='lat'>3</span> <span class='ocrx_word' id='word_1_168' title='bbox 450 2227 500 2280; x_wconf 89' lang='lat' dir='ltr'><em>q.</em></span> <span class='ocrx_word' id='word_1_169' title='bbox 550 2209 621 2277; x_wconf 80' lang='lat'><em>13</em></span> <span class='ocrx_word' id='word_1_170' title='bbox 665 2226 973 2280; x_wconf 87' lang='lat' dir='ltr'><em>quamquam</em></span> <span class='ocrx_word' id='word_1_171' title='bbox 1017 2208 1171 2276; x_wconf 74' lang='lat' dir='ltr'><em>enim,</em></span> <span class='ocrx_word' id='word_1_172' title='bbox 1215 2220 1268 2262; x_wconf 91' lang='lat' dir='ltr'><em>ut</em></span> <span class='ocrx_word' id='word_1_173' title='bbox 1310 2209 1470 2279; x_wconf 73' lang='lat' dir='ltr'><em>ajunt,</em></span> <span class='ocrx_word' id='word_1_174' title='bbox 1515 2209 1642 2264; x_wconf 92' lang='lat' dir='ltr'><em>illud</em></span> <span class='ocrx_word' id='word_1_175' title='bbox 1686 2223 1836 2284; x_wconf 89' lang='lat' dir='ltr'><em>caput</em></span> 
     </span>
     <span class='ocr_line' id='line_1_24' title="bbox 102 2300 1833 2376; baseline 0.002 -20"><span class='ocrx_word' id='word_1_176' title='bbox 102 2320 166 2357; x_wconf 83' lang='lat' dir='ltr'><em>ex</em></span> <span class='ocrx_word' id='word_1_177' title='bbox 226 2302 361 2358; x_wconf 84' lang='lat' dir='ltr'><em>fonte</em></span> <span class='ocrx_word' id='word_1_178' title='bbox 420 2304 628 2376; x_wconf 75' lang='lat' dir='ltr'><em>spurio,</em></span> <span class='ocrx_word' id='word_1_179' title='bbox 687 2321 862 2376; x_wconf 89' lang='lat' dir='ltr'><em>nempe</em></span> <span class='ocrx_word' id='word_1_180' title='bbox 926 2321 988 2356; x_wconf 77' lang='lat' dir='ltr'><em>ex</em></span> <span class='ocrx_word' id='word_1_181' title='bbox 1048 2302 1261 2357; x_wconf 89' lang='lat' dir='ltr'><em>conficta</em></span> <span class='ocrx_word' id='word_1_182' title='bbox 1312 2300 1522 2359; x_wconf 81' lang='lat' dir='ltr'><em>Joannis</em></span> <span class='ocrx_word' id='word_1_183' title='bbox 1566 2302 1833 2359; x_wconf 77' lang='lat' dir='ltr'><em>Pontificis</em></span> 
     </span>
     <span class='ocr_line' id='line_1_25' title="bbox 103 2397 1831 2470; baseline 0.001 -19"><span class='ocrx_word' id='word_1_184' title='bbox 103 2397 314 2470; x_wconf 88' lang='lat' dir='ltr'><em>epistola</em></span> <span class='ocrx_word' id='word_1_185' title='bbox 376 2397 779 2453; x_wconf 88' lang='lat' dir='ltr'><em>consarcinatum</em></span> <span class='ocrx_word' id='word_1_186' title='bbox 841 2398 940 2465; x_wconf 80' lang='lat' dir='ltr'><em>sit,</em></span> <span class='ocrx_word' id='word_1_187' title='bbox 994 2415 1056 2451; x_wconf 77' lang='lat' dir='ltr'><em>ex</em></span> <span class='ocrx_word' id='word_1_188' title='bbox 1100 2399 1248 2470; x_wconf 77' lang='lat' dir='ltr'><em>praxi</em></span> <span class='ocrx_word' id='word_1_189' title='bbox 1293 2409 1458 2453; x_wconf 91' lang='lat' dir='ltr'><em>tamen</em></span> <span class='ocrx_word' id='word_1_190' title='bbox 1501 2411 1548 2453; x_wconf 89' lang='lat' dir='ltr'><em>et</em></span> <span class='ocrx_word' id='word_1_191' title='bbox 1590 2417 1683 2453; x_wconf 87' lang='lat' dir='ltr'><em>usu</em></span> <span class='ocrx_word' id='word_1_192' title='bbox 1729 2400 1831 2453; x_wconf 89' lang='lat' dir='ltr'><em>vim</em></span> 
     </span>
     <span class='ocr_line' id='line_1_26' title="bbox 104 2488 1831 2564; baseline 0.002 -21"><span class='ocrx_word' id='word_1_193' title='bbox 104 2489 229 2561; x_wconf 85' lang='lat' dir='ltr'><em>legis</em></span> <span class='ocrx_word' id='word_1_194' title='bbox 260 2502 619 2564; x_wconf 86' lang='lat' dir='ltr'><em>consequutum</em></span> <span class='ocrx_word' id='word_1_195' title='bbox 649 2503 740 2546; x_wconf 85' lang='lat' dir='ltr'><em>est.</em></span> <span class='ocrx_word' id='word_1_196' title='bbox 785 2489 927 2558; x_wconf 84' lang='lat' dir='ltr'><em>Quid</em></span> <span class='ocrx_word' id='word_1_197' title='bbox 972 2504 1137 2546; x_wconf 90' lang='lat' dir='ltr'><em>tamen</em></span> <span class='ocrx_word' id='word_1_198' title='bbox 1181 2488 1342 2548; x_wconf 75' lang='lat' dir='ltr'><em>inde?</em></span> <span class='ocrx_word' id='word_1_199' title='bbox 1386 2489 1524 2548; x_wconf 91' lang='lat' dir='ltr'><em>Num</em></span> <span class='ocrx_word' id='word_1_200' title='bbox 1569 2493 1611 2547; x_wconf 81' lang='lat' dir='ltr'><em>si</em></span> <span class='ocrx_word' id='word_1_201' title='bbox 1658 2510 1831 2562; x_wconf 75' lang='lat' dir='ltr'><em>unum,</em></span> 
     </span>
     <span class='ocr_line' id='line_1_27' title="bbox 106 2584 1826 2660; baseline 0.001 -21"><span class='ocrx_word' id='word_1_202' title='bbox 106 2595 190 2639; x_wconf 76' lang='grc'>3111</span> <span class='ocrx_word' id='word_1_203' title='bbox 232 2584 444 2640; x_wconf 89' lang='lat' dir='ltr'><em>alterum</em></span> <span class='ocrx_word' id='word_1_204' title='bbox 488 2584 603 2640; x_wconf 88' lang='lat' dir='ltr'><em>licet</em></span> <span class='ocrx_word' id='word_1_205' title='bbox 644 2587 871 2660; x_wconf 85' lang='lat' dir='ltr'><em>spurium</em></span> <span class='ocrx_word' id='word_1_206' title='bbox 914 2605 1158 2643; x_wconf 86' lang='lat' dir='ltr'><em>canonem</em></span> <span class='ocrx_word' id='word_1_207' title='bbox 1202 2606 1320 2642; x_wconf 80' lang='lat' dir='ltr'><em>usus</em></span> <span class='ocrx_word' id='word_1_208' title='bbox 1349 2587 1534 2660; x_wconf 87' lang='lat' dir='ltr'><em>recepit</em></span> <span class='ocrx_word' id='word_1_209' title='bbox 1564 2587 1615 2640; x_wconf 92' lang='lat' dir='ltr'><em>in</em></span> <span class='ocrx_word' id='word_1_210' title='bbox 1646 2586 1826 2657; x_wconf 77' lang='lat' dir='ltr'><em>legem,</em></span> 
     </span>
     <span class='ocr_line' id='line_1_28' title="bbox 106 2678 1825 2754; baseline 0.002 -23"><span class='ocrx_word' id='word_1_211' title='bbox 106 2678 274 2748; x_wconf 87' lang='lat' dir='ltr'><em>colligi</em></span> <span class='ocrx_word' id='word_1_212' title='bbox 316 2678 426 2748; x_wconf 81' lang='lat' dir='ltr'><em>jure</em></span> <span class='ocrx_word' id='word_1_213' title='bbox 468 2682 668 2754; x_wconf 77' lang='lat' dir='ltr'><em>poterit,</em></span> <span class='ocrx_word' id='word_1_214' title='bbox 707 2681 834 2737; x_wconf 85' lang='lat' dir='ltr'><em>alios</em></span> <span class='ocrx_word' id='word_1_215' title='bbox 878 2700 1076 2754; x_wconf 89' lang='lat' dir='ltr'><em>quoque</em></span> <span class='ocrx_word' id='word_1_216' title='bbox 1120 2700 1334 2737; x_wconf 85' lang='lat' dir='ltr'><em>canones</em></span> <span class='ocrx_word' id='word_1_217' title='bbox 1379 2679 1825 2734; x_wconf 82' lang='lat' dir='ltr'><em>indiscriminatim</em></span> 
     </span>
     <span class='ocr_line' id='line_1_29' title="bbox 107 2770 1829 2849; baseline 0.002 -24"><span class='ocrx_word' id='word_1_218' title='bbox 107 2783 325 2845; x_wconf 85' lang='lat' dir='ltr'><em>receptos</em></span> <span class='ocrx_word' id='word_1_219' title='bbox 386 2770 588 2831; x_wconf 77' lang='lat' dir='ltr'><em>fuisse?</em></span> <span class='ocrx_word' id='word_1_220' title='bbox 646 2773 972 2849; x_wconf 85' lang='lat' dir='ltr'><em>Relinquitur</em></span> <span class='ocrx_word' id='word_1_221' title='bbox 1026 2793 1182 2846; x_wconf 81' lang='lat' dir='ltr'><em>ergo,</em></span> <span class='ocrx_word' id='word_1_222' title='bbox 1226 2786 1277 2829; x_wconf 91' lang='lat' dir='ltr'><em>ut</em></span> <span class='ocrx_word' id='word_1_223' title='bbox 1321 2771 1539 2827; x_wconf 70' lang='lat' dir='ltr'><em>secunda</em></span> <span class='ocrx_word' id='word_1_224' title='bbox 1585 2775 1829 2828; x_wconf 83' lang='lat' dir='ltr'><em>sententia</em></span> 
     </span>
    </p>
   </div>
   <div class='ocr_carea' id='block_1_3' title="bbox 110 2866 1393 3015">
    <p class='ocr_par' dir='ltr' id='par_1_4' title="bbox 110 2866 1393 3015">
     <span class='ocr_line' id='line_1_30' title="bbox 110 2866 894 2940; baseline 0.009 -21"><span class='ocrx_word' id='word_1_225' title='bbox 110 2866 284 2921; x_wconf 84' lang='lat' dir='ltr'><em>ceteris</em></span> <span class='ocrx_word' id='word_1_226' title='bbox 329 2869 492 2940; x_wconf 88' lang='lat' dir='ltr'><em>potior</em></span> <span class='ocrx_word' id='word_1_227' title='bbox 535 2869 768 2925; x_wconf 86' lang='lat' dir='ltr'><em>habenda</em></span> <span class='ocrx_word' id='word_1_228' title='bbox 813 2872 894 2926; x_wconf 86' lang='lat' dir='ltr'><em>sit.</em></span> 
     </span>
     <span class='ocr_line' id='line_1_31' title="bbox 1327 2964 1393 3015; baseline 0.015 -1"><span class='ocrx_word' id='word_1_229' title='bbox 1327 2964 1393 3015; x_wconf 90' lang='grc'>10</span> 
     </span>
    </p>
   </div>
  </div>
 </body>
</html>
