2114 3289
1672 114 1782 166 275

974 239 1023 283 L.

130 323 283 371 Laici.
333 325 483 382 Reges
533 320 676 367 etiam
725 325 771 366 et
827 318 1033 377 supremi
1082 316 1390 375 Magistratus
1437 311 1662 370 potestati
1711 311 1875 357 Eccle-

233 406 330 452 siae
367 402 564 450 obnoxii
601 407 710 447 sunt
745 399 839 445 203
880 407 925 446 et
961 398 1076 444 204.

135 485 312 546 Leqati.
348 484 440 530 Alii
473 481 858 534 extraordinarii,
886 480 969 525 alii
1004 478 1235 525 ordinarii
1274 475 1385 520 143.
1410 474 1573 533 Legati
1610 473 1719 520 Nati
1761 471 1869 516 143.

267 564 432 624 Legati
467 564 598 610 Missi
648 562 758 606 144.
796 562 878 608 Jus
926 560 1123 606 Romani
1173 556 1413 603 Pontificis
1449 554 1635 601 eosdem
1673 553 1743 599 vel
1780 560 1878 598 sta-

263 647 385 692 biles
422 646 472 691 in
523 652 708 691 exteras
757 643 1028 702 provincias
1077 640 1297 687 mittendi
1348 638 1462 684 ibid.
1504 644 1549 682 et
1597 649 1728 694 seqq.
1764 636 1875 682 ‚Iura

267 728 548 786 Legatorum
586 738 609 770 a
650 725 797 770 latere
841 723 951 769 159.

132 806 268 853 Libri
303 804 414 870 fidei
450 812 492 853 et
515 804 723 852 moribus
757 803 917 850 nooeii.
942 806 1006 850 De
1042 800 1149 861 jure
1187 800 1428 847 Pontificis
1463 810 1624 844 eorum
1655 796 1877 842 lectionis

266 888 620 934 interdicendae
659 886 721 931 72
760 892 806 932 et
843 898 972 943 seqq.

982 967 1043 1012 Μ.

136 1048 514 1096 Matrimonium.
554 1049 893 1106 impedimenta
944 1046 1298 1092 matrimonium
1347 1041 1620 1088 dirimentia
1664 1039 1880 1086 Ecclesia

268 1131 435 1176 statuit
473 1129 586 1174 232.
626 1131 695 1174 An
743 1130 986 1186 Principes
1022 1134 1231 1172 statuere
1282 1125 1465 1183 possint
1513 1121 1626 1167 234.
1665 1128 1711 1167 et
1747 1133 1877 1178 seqq.

268 1215 448 1260 Causae
486 1212 860 1258 matrimoniales
894 1212 949 1257 de
999 1211 1220 1256 firmitate
1269 1205 1486 1265 conjugii
1525 1205 1579 1250 ad
1615 1203 1877 1249 Ecclesiam

271 1295 513 1352 pertinent
544 1293 657 1339 239.
684 1294 799 1339 Item
836 1305 1004 1338 causae
1030 1292 1084 1336 de
1110 1290 1419 1348 Sponsalibus
1457 1294 1501 1332 et
1525 1285 1727 1331 divortio
1764 1284 1878 1328 242.

268 1376 338 1419 An
375 1381 648 1420 contractus
671 1374 828 1419 civilis
852 1379 1127 1419 secernatur
1151 1384 1174 1416 a
1200 1368 1503 1415 matrimonio
1540 1367 1638 1411 240
1663 1373 1709 1412 et
1744 1378 1875 1422 seqq.

136 1454 484 1516 Metropolitae.
524 1456 697 1501 Eorum
735 1454 975 1499 institutio
1026 1454 1089 1498 66
1141 1459 1187 1498 et
1241 1451 1350 1496 176.
1388 1450 1561 1494 Eorum
1596 1445 1704 1504 jura
1756 1446 1885 1490 anti-

273 1549 364 1594 qua
420 1536 529 1582 176.
579 1537 689 1582 Jura
740 1536 967 1581 hodierna
1019 1534 1134 1579 ibid.
1187 1540 1233 1580 et
1284 1545 1413 1590 seqq.
1465 1531 1576 1577 Jura
1625 1527 1885 1573 honorifica

273 1616 611 1675 praeferendae
648 1617 821 1672 crucis,
860 1623 906 1663 et
941 1616 1077 1674 pallii
1119 1615 1227 1661 178.

985 1698 1042 1743 Ν.

204 1779 476 1825 Nominatio
514 1779 644 1837 regia
682 1779 1022 1837 Episcoporum
1060 1777 1173 1824 220.
1212 1778 1312 1832 Quo
1347 1774 1454 1833 jure
1492 1774 1672 1819 nitatur
1708 1769 1823 1816 221.

138 1858 311 1905 Nuntii
349 1858 624 1921 Apostolici.
664 1863 727 1906 De
751 1857 857 1917 jure
881 1860 1120 1906 Pontificis
1158 1872 1238 1905 eos
1274 1859 1415 1904 etiam
1454 1856 1647 1902 stabiles
1671 1854 1718 1898 in
1754 1858 1889 1899 exte-

271 1955 347 1987 ras
385 1942 655 2000 provincias
694 1940 912 1987 mittendi
954 1940 1044 1985 143
1085 1947 1131 1987 et
1169 1953 1298 1998 seqq.
1338 1940 1510 1984 Eorum
1559 1933 1666 1994 jura
1709 1933 1801 1979 159
1839 1940 1885 1979 et

272 2035 402 2081 seqq.

992 2106 1046 2150 O.

138 2181 340 2230 Ordines
375 2183 618 2245 Reliqiosi.
657 2189 721 2232 De
756 2183 862 2243 jure
900 2185 1143 2231 Pontificis
1179 2198 1259 2231 eos
1296 2182 1588 2244 approbandi
1626 2182 1705 2227 80.

992 2269 1038 2312 Ρ.

146 2344 376 2391 Pallium.
414 2345 532 2405 Ejus
567 2348 702 2407 origo
745 2349 852 2394 178.
893 2345 1010 2406 Ejus
1059 2349 1324 2405 concessio,
1374 2347 1502 2407 jura,
1539 2357 1587 2397 et
1636 2364 1748 2397 usus
1801 2352 1891 2397 179

284 2434 329 2474 et
375 2428 480 2474 180.

144 2507 367 2554 Parochi.
406 2511 578 2556 Eorum
617 2511 854 2556 institutio
895 2524 987 2556 non
1025 2524 1050 2557 a
1086 2511 1293 2568 Christo,
1318 2513 1396 2559 sed
1434 2514 1492 2558 ab
1529 2513 1742 2560 Ecclesia
1773 2514 1854 2559 52.

149 2591 478 2639 Patriarchae.
517 2594 689 2638 Eorum
728 2606 898 2640 nomen
928 2593 1038 2640 165.
1063 2595 1295 2641 Numerus
1338 2596 1429 2641 166
1468 2602 1512 2642 et
1551 2609 1681 2655 seqq.
1720 2598 1893 2643 Eorum

278 2674 520 2720 institutio
575 2674 686 2720 166.
737 2675 909 2721 Eorum
945 2672 1053 2733 jura
1108 2677 1215 2722 172.
1270 2677 1482 2737 Insignia
1522 2677 1632 2724 178.
1686 2679 1895 2724 Patriar-

280 2755 395 2801 chae
432 2757 637 2802 minores
679 2756 787 2801 172.

144 2836 328 2882 Poenae
364 2835 721 2884 ecclesiasticae.
759 2839 1066 2898 Quotuplices
1118 2841 1213 2887 sint
1265 2842 1343 2888 28.
1383 2842 1557 2888 Earum
1595 2842 1665 2886 vis
1709 2847 1754 2887 et
1803 2855 1891 2888 na-

281 2923 384 2963 tura
424 2918 487 2963 29
525 2926 569 2965 et
609 2932 738 2978 seqq.
