2114 3289
346 102 453 152 158
522 117 614 151 ΜΒ.
642 117 692 150 11.
723 116 767 150 C.
797 114 848 150 11.
879 115 938 148 DE
970 113 1128 149 EPlSC.
1159 114 1387 157 EORUMQ.
1416 115 1523 149 ΔΕΗ.
1553 114 1612 148 ΕΤ
1643 114 1855 151 OFFICHS

264 220 528 276 suetudine
570 219 788 292 primum
832 214 1118 284 inductam,
1163 227 1334 289 postea
1378 213 1722 272 Conciliorum
1765 215 1977 272 decretis

263 315 655 373 constabilitam.

343 407 563 465 Alterius
626 405 899 461 sententiae
956 405 1157 479 patroni
1216 405 1269 459 in
1321 405 1498 478 primis
1541 408 1718 478 ajunt,
1761 404 1980 463 Concilii

263 501 479 561 Nicaeni
520 517 761 556 canonem
804 497 1025 573 Dupinio
1069 500 1271 573 suisque
1314 499 1517 555 asseclis
1556 502 1761 556 minime
1789 498 1977 556 favere.

264 594 401 653 Nam
444 593 670 669 quaestio
713 605 787 649 est
829 592 891 648 de
914 595 1079 668 prima
1106 593 1523 667 patriarchalium
1548 594 1736 665 jurium
1761 595 1979 665 origine,

261 691 323 746 de
365 708 464 764 qua
506 707 567 744 ne
611 688 819 744 verbum
861 686 1066 761 quidem
1108 689 1160 743 in
1203 706 1260 743 60
1304 706 1530 758 canone3
1572 688 1625 743 in
1666 707 1822 762 eoque
1872 698 1982 742 tan-

261 783 522 840 tummodo
566 784 733 855 agitur
775 781 837 836 de
879 781 1241 838 constituendis
1286 781 1497 851 finibuS,
1541 783 1672 837 intra
1714 801 1838 855 quos
1882 780 1983 837 Pa-

262 879 604 934 triarcharum
647 888 866 952 potestas
910 878 961 931 in
1003 888 1259 950 posterum
1302 877 1654 932 contineretur.
1718 874 1876 946 Igitur
1928 895 1985 931 ea

270 974 423 1029 verba
466 991 675 1036 annom
717 990 887 1027 monas
929 989 1225 1027 sssnvssu‘run
1269 970 1333 1025 ad
1377 969 1499 1026 fines
1543 968 1987 1025 Patriarchatuum

267 1066 628 1139 designandOS,
656 1085 755 1122 non
783 1085 898 1122 vero
942 1065 1007 1121 ad
1051 1066 1297 1136 originem
1340 1064 1756 1139 patriarchalium
1797 1064 1986 1134 jurium

269 1161 717 1219 demonstrandam
759 1162 1024 1235 pertinent.

347 1255 548 1326 Quibus
601 1255 809 1328 positiS,
853 1273 915 1308 ex
959 1255 1222 1310 notissima
1267 1253 1322 1311 S.
1366 1250 1637 1325 Augustini
1680 1252 1852 1324 regula
1896 1251 1987 1308 lib.

266 1349 342 1405 IV
384 1350 445 1405 de
488 1348 752 1422 Baptismo
805 1361 976 1404 contra
1030 1348 1323 1405 Donatistas
1367 1368 1477 1423 cap.
1527 1351 1635 1403 24:
1679 1347 1830 1412 Quod
1873 1346 1992 1400 uni-

265 1462 414 1500 versa
455 1454 588 1498 tenet
630 1441 878 1509 Ecclesia,
907 1461 996 1497 nec
1041 1443 1283 1497 Conciliis
1325 1443 1639 1509 institutum,
1671 1442 1759 1496 secl
1799 1458 1994 1514 semper

264 1550 517 1595 retentu-m
563 1548 652 1603 est,
687 1537 895 1591 nonnisi
936 1537 1239 1592 auctoritate
1283 1537 1576 1610 Apostolica
1616 1536 1869 1590 traditum
1911 1553 1991 1589 re-

268 1634 484 1689 ctissime
544 1631 811 1700 crcditur,
864 1631 1087 1701 legitime
1137 1630 1393 1701 inferunt,
1435 1630 1797 1706 patriarchalia
1839 1632 1990 1702 jura,

274 1747 387 1783 cum
448 1726 573 1782 adeo
636 1727 842 1798 antiqua
902 1726 1003 1780 sint
1062 1737 1114 1780 ut
1163 1745 1334 1782 eorum
1387 1727 1530 1795 origo
1573 1744 1671 1780 non
1715 1735 1991 1798 appareat,

278 1842 436 1896 neque
464 1842 492 1876 a
521 1818 764 1876 Conciliis
803 1821 1050 1889 instituta,
1078 1820 1164 1875 sed
1210 1839 1406 1894 semper
1447 1821 1499 1874 in
1542 1818 1767 1874 Ecclesia
1810 1830 1996 1874 retenta

274 1917 487 1985 fuerint,
531 1934 630 1970 non
672 1934 701 1968 a
745 1914 970 1970 moribus
1014 1925 1060 1969 et
1103 1916 1309 1987 antiqua
1352 1912 1695 1969 Ecclesiarum
1738 1924 1997 1968 consuetu-

274 2009 411 2079 dine,
454 2010 577 2064 bene
623 2028 737 2064 vero
781 2009 845 2063 ab
888 2009 1198 2064 institutione
1240 2005 1533 2082 Apostolica
1577 2006 1798 2080 profecta
1841 2025 1966 2062 esse.

361 2104 508 2173 Quae
552 2105 755 2178 quidem
799 2105 1040 2159 sententia
1084 2103 1280 2159 videtur
1323 2104 1468 2159 nobis
1512 2103 1828 2178 probabilior
1869 2122 1995 2171 esse,

277 2214 322 2257 et
365 2201 510 2273 quasi
554 2210 724 2267 certa,
767 2218 824 2254 eo
869 2199 945 2253 vel
990 2200 1208 2254 maxime
1253 2197 1388 2271 quod
1432 2200 1483 2252 in
1535 2198 1734 2270 scriptis
1789 2195 1997 2252 Sancto-

278 2315 406 2351 rum,
432 2293 645 2348 Patrum
688 2294 878 2366 passim
921 2293 1155 2363 legimus,
1199 2292 1562 2367 patriarchales
1607 2290 1762 2347 Sedes
1791 2310 1819 2347 a
1846 2288 1996 2346 Petro

280 2390 639 2444 condecoratas
681 2398 727 2441 et
768 2386 1064 2441 sublimatas
1115 2386 1306 2458 fuisse,
1359 2387 1540 2460 quibus
1604 2386 1767 2441 verbis
1828 2396 1996 2459 aperte

282 2484 633 2554 significatur,
677 2500 733 2536 ea
785 2482 953 2536 omnia
1003 2481 1270 2554 privilegia
1332 2493 1760 2555 potestatemque,
1819 2479 2000 2551 quibus

283 2578 552 2647 insignitae
605 2576 822 2644 suerunt,
865 2574 929 2629 ab
972 2576 1082 2648 ipso
1127 2573 1298 2643 Petro,
1343 2594 1441 2630 non
1485 2574 1688 2629 aliunde
1729 2573 1998 2645 accepisse.

285 2671 473 2726 Verum
527 2670 621 2725 hoc
666 2669 775 2724 loco
820 2671 1090 2742 praeterire
1132 2688 1230 2724 non
1273 2687 1537 2742 possumus
1580 2667 1703 2722 haec
1749 2666 1899 2721 verba
1943 2664 1999 2722 S.

281 2765 463 2821 Leonis
507 2764 684 2835 Magni
729 2766 777 2818 in
829 2764 972 2838 epist.
1018 2760 1143 2818 XIV
1196 2762 1260 2817 ad
1305 2760 1628 2817 Anastasium
1670 2759 2001 2816 Thessaloni-

284 2879 474 2915 censem
525 2858 867 2933 Episcopum:
922 2862 1069 2914 Inter
1111 2857 1417 2913 beatissimos
1460 2855 1720 2928 Apostolos
1761 2855 1818 2909 in
1857 2853 2000 2909 simi-
