2114 3289
647 115 690 189 §.
739 139 857 174 an.
906 140 965 174 DE
1010 139 1334 175 MATmMoNlo
1660 124 1766 177 237

133 241 424 316 Principum
478 243 608 312 leges
663 254 997 298 contemnant.
1060 240 1264 297 subditi
1316 244 1446 297 enim
1509 262 1537 298 a
1600 243 1851 300 similibus

134 339 318 410 nuptiis
372 335 517 390 facile
562 335 899 405 abstinebunt,
944 336 1063 390 dnm
1108 336 1253 409 plane
1297 347 1477 390 norunt
1520 354 1583 391 ex
1625 336 1850 391 civilium

133 430 391 484 effectuum
435 430 716 502 privatione
742 431 1045 500 gravissima
1074 429 1257 484 damna
1293 441 1395 484 tum
1432 430 1550 499 sibi,
1581 442 1684 484 tum
1726 430 1851 485 lihe-

138 524 206 577 ris
253 523 532 578 imminere.

187 729 407 773 Putamus
441 740 537 774 rem
576 734 755 786 gratam
793 734 840 773 et
875 728 1037 774 utilem
1074 727 1300 785 facturOS,
1337 729 1377 774 si
1415 729 1463 775 in
1508 730 1713 776 medium
1749 743 1861 789 pro-

122 809 326 857 feramus
362 811 641 869 gravissima
680 812 836 865 verba,
873 812 1042 868 quihus
1066 810 1266 857 facultas
1301 811 1569 871 theologica
1592 813 1861 859 Lovanien-

123 891 187 937 sis
223 904 246 936 a
285 892 450 937 Carolo
500 891 837 949 Lotharingiae
886 894 1011 938 Duce
1049 893 1333 938 sententiam
1383 900 1548 951 rogata
1596 894 1855 952 respondit.

121 972 241 1018 Sunt
276 979 430 1018 autem
456 970 754 1029 hujusmodi:
796 972 953 1019 Extra
985 971 1177 1019 dubium
1211 988 1304 1019 esse
1334 973 1563 1034 positum,
1594 988 1734 1036 penes
1756 989 1861 1022 sae-

120 1051 300 1098 culares
324 1052 568 1113 Principes
591 1067 682 1099 esse
704 1060 973 1114 potestatem
995 1053 1249 1100 irritantia
1273 1053 1602 1116 impedimenta
1624 1055 1862 1102 statuendi

119 1140 328 1194 respectu
384 1134 798 1181 matrimoniorum
845 1151 938 1180 non
997 1134 1346 1196 baptizatorum
1394 1135 1485 1182 sibi
1539 1135 1858 1196 subditorum,

121 1223 350 1276 quatenus
382 1215 550 1276 primis
594 1215 826 1262 Ecclesiae
873 1216 1072 1262 saeculis
1118 1216 1449 1278 impedimenta
1497 1218 1794 1264 matrimonii
1829 1235 1859 1264 a

121 1296 419 1357 Principibus
468 1303 564 1342 tum
612 1296 830 1354 ethnicis,
876 1304 972 1342 tum
1029 1297 1308 1343 christianis
1363 1297 1618 1344 constituta
1665 1296 1858 1344 admisit

117 1376 340 1424 Ecclesia.
377 1378 568 1425 Saeculo
592 1384 756 1438 quarto
795 1377 1091 1434 Theodosius,
1128 1378 1418 1424 christianus
1444 1377 1859 1441 pientissimusque

122 1459 400 1519 Imperator,
425 1457 653 1504 decretum
682 1458 813 1516 tulit.
838 1474 924 1520 quo
956 1458 1337 1506 consobrinorum
1371 1460 1680 1506 matrimonia
1714 1461 1861 1507 irrita

121 1537 519 1593 decernebantur;
555 1540 692 1601 cujus
726 1539 900 1587 decreti
933 1555 1037 1587 cum
1073 1541 1218 1601 eloqio
1253 1541 1469 1587 meminit
1502 1542 1551 1588 S.
1590 1541 1862 1589 Ambrosius

123 1621 256 1682 epist.
297 1622 360 1668 66
395 1620 456 1666 ad
494 1623 766 1667 Paternum.

182 1702 431 1762 Nunquam
469 1703 715 1763 Principes
751 1703 1011 1749 saeculares
1029 1709 1218 1764 potuere
1255 1704 1401 1750 irrita
1424 1703 1578 1764 facere
1614 1704 1863 1751 matrimo-

118 1783 203 1828 nia
239 1782 467 1845 fidelium,
492 1783 643 1844 quoad
674 1799 828 1830 omnes
876 1783 1080 1846 effectus,
1118 1783 1215 1830 nisi
1263 1785 1594 1842 consentiente,
1633 1793 1675 1832 et
1717 1785 1859 1832 robur

114 1862 307 1910 addente
344 1865 621 1926 Principum
659 1864 823 1912 edictis
860 1866 962 1926 ipsa
1011 1865 1231 1912 Ecclesia.
1270 1867 1368 1912 Hoc
1402 1865 1531 1912 docet
1564 1868 1614 1914 S.
1664 1866 1859 1914 Thomas

118 1942 289 2007 (quem
322 1946 497 2007 passim
538 1945 750 2006 Theoloqi
772 1943 1100 2009 sequunturj:
1127 1962 1321 2009 namque
1345 1948 1532 1994 tametsi
1560 1948 1644 2009 jus
1666 1947 1858 2011 aliquod

112 2026 165 2072 in
201 2027 508 2073 matrimonia
553 2027 775 2089 potestati
822 2028 955 2074 cicili
1000 2035 1249 2090 competere
1293 2045 1387 2074 non
1435 2027 1712 2092 diffiteatur,
1748 2028 1857 2076 dum

119 2106 237 2154 dicit
273 2109 325 2154 L.
366 2110 393 2154 4
431 2115 547 2155 sent.
585 2108 695 2155 dist.
736 2109 796 2154 34
834 2125 877 2171 q.
922 2112 1014 2155 la.
1046 2111 1065 2156 1
1107 2109 1170 2156 ad
1207 2111 1234 2154 4
1264 2110 1376 2172 jure
1412 2117 1634 2168 viaturae,
1670 2110 1853 2167 divino,

111 2188 440 2247 ecclesiastica,
479 2197 521 2236 et
556 2182 692 2236 civili
726 2190 1059 2251 impedimenta
1093 2190 1371 2238 dirimentia
1416 2191 1642 2238 constitui
1686 2207 1854 2254 posse;

111 2269 239 2316 circa
274 2271 651 2317 Christianorum
685 2278 840 2318 tamen
888 2273 1215 2330 matrimonia,
1252 2288 1409 2319 eorum
1453 2288 1545 2320 esse
1586 2274 1854 2320 restrictam

106 2357 381 2412 potestatem
417 2352 608 2409 asserit,
645 2351 754 2398 dum
789 2352 861 2398 ait
898 2354 951 2398 L.
991 2356 1018 2398 4
1055 2352 1166 2399 dist.
1207 2354 1269 2398 42
1292 2368 1334 2415 q.
1362 2355 1390 2399 2
1414 2369 1460 2399 a.
1487 2355 1515 2399 2
1552 2353 1612 2400 ad
1636 2355 1691 2399 4:
1733 2369 1855 2401 PRO-

111 2447 294 2480 Hlssmo
332 2448 468 2481 LEGIS
505 2448 735 2481 HUMANAE
777 2449 871 2481 NON
911 2450 1203 2482 SUFFICERET
1240 2450 1304 2482 AD
1351 2451 1722 2483 lMPEmMENTUM
1760 2451 1856 2483 nm-

111 2528 356 2569 TRmJONll,
396 2528 490 2560 wlsi
527 2529 885 2562 INTERVENIRET
922 2530 1178 2563 EGCLESIAE
1217 2530 1532 2572 Ammonius,
1570 2531 1696 2570 QUAE
1733 2532 1853 2564 1DEM

111 2607 256 2640 ΕΤΙΑΜ
302 2609 596 2641 immolem.
643 2596 770 2651 Quae
805 2596 942 2642 verba
986 2597 1147 2643 saltem
1183 2596 1236 2643 de
1280 2596 1486 2659 fidelium
1530 2597 1853 2643 matrimoniis

109 2674 316 2734 intelliqi
351 2674 547 2732 debent;
585 2691 686 2722 cum
731 2693 860 2723 nemo
898 2678 980 2735 sit,
1019 2679 1099 2740 qui
1134 2679 1187 2723 in
1231 2677 1421 2723 dubium
1457 2685 1656 2736 revocet,
1692 2685 1852 2725 utrum

108 2756 354 2816 Principes
389 2757 647 2804 saeculares
677 2759 983 2805 matrimonia
1019 2759 1303 2822 infidelium,
1342 2774 1419 2805 seu
1454 2775 1548 2805 non
1584 2759 1852 2820 baptizato-

111 2850 236 2894 rum,
273 2837 423 2898 quoad
445 2854 598 2885 omnes
621 2838 823 2902 effectuS,
848 2840 1046 2887 irritare
1069 2840 1272 2887 valeant.
1298 2838 1421 2886 Idem
1444 2839 1586 2900 factis
1608 2840 1849 2888 historicis

110 2917 233 2965 ‘calet
267 2917 596 2966 demonstrari.
636 2920 961 2969 Pallavicinus
996 2922 1119 2968 enim
1154 2920 1233 2968 lib.
1274 2923 1335 2967 22
1371 2921 1498 2969 Hist.
1536 2923 1670 2970 Conc-
1713 2922 1842 2970 Trid.
