2114 3289
374 113 418 188 S.
447 138 558 174 xlx.
589 138 649 173 DE
678 137 879 173 EssENT.
910 139 969 172 ET
997 137 1213 175 ADVENT.
1243 139 1350 174 JUR,
1383 137 1631 173 PRmATt's
1709 124 1778 174 67

142 243 453 297 consentiant
503 242 634 295 inter
687 260 738 296 se
782 242 916 296 circa
960 242 1206 312 originem
1251 253 1298 296 et
1339 251 1633 315 potestatem
1677 239 1865 296 Metro-

143 335 434 409 politarum,
479 332 922 407 Conciliorumque
965 336 1375 408 provincialium,
1419 353 1530 389 cum
1562 333 1651 389 alii
1678 354 1706 388 a
1735 332 1864 389 Sede

144 428 466 503 Apostolica,
511 429 599 484 alii
644 428 707 484 ab
751 428 1092 485 Ecclesiarum
1136 429 1493 484 consuetudine
1544 441 1705 484 ortam
1759 448 1865 484 esse

138 523 441 579 contendant
509 521 602 596 (de
663 544 760 597 quo
822 524 954 579 infra
1016 522 1469 598 disputabimus),
1523 524 1649 578 illud
1699 535 1864 579 tamen

138 618 272 692 apud
334 608 504 674 omnes
550 630 858 694 compertum
902 630 1003 687 est,
1049 637 1221 673 eorum
1265 621 1513 689 originem
1557 630 1602 672 et
1646 629 1864 692 potesta-

140 723 238 766 tem
282 714 586 769 institutioni
629 714 880 767 humanae
924 713 1244 767 tribuendam
1288 731 1412 768 esse.

215 805 289 860 Ea
350 808 504 877 igitur
562 818 820 881 potestas,
883 825 1034 879 quam
1095 805 1487 880 Metropolitae,
1532 804 1861 878 Conciliaque

135 901 470 974 provincialia
531 902 582 955 in
635 899 915 974 Episcopos
961 899 1411 975 comprovinciales
1455 900 1676 955 humana
1718 900 1862 954 insti-

138 996 326 1050 tutione
387 995 721 1064 exercebant,
782 1014 881 1050 non
943 1007 1048 1050 erat
1098 1013 1272 1050 eorum
1314 996 1521 1069 propria
1564 1006 1610 1049 et
1652 995 1860 1065 nativa3

134 1089 482 1144 tantummodo
509 1091 615 1161 ejus
642 1090 902 1163 potestatis
938 1108 1054 1144 usus
1091 1090 1216 1163 ipsis
1259 1088 1473 1143 tributus
1517 1087 1696 1145 fuerat.
1742 1086 1859 1162 Ipsa

136 1204 252 1240 vero
304 1197 523 1258 potestas
574 1187 626 1240 in
669 1184 917 1241 Pontifice
961 1184 1239 1254 residebat,
1284 1196 1336 1238 ut
1378 1186 1464 1257 qui
1508 1186 1700 1240 ratione
1743 1181 1860 1238 Pri-

133 1292 297 1334 matus
342 1279 584 1335 divinitus
627 1281 841 1336 instituti
870 1298 1067 1335 omnem
1111 1289 1406 1352 potestatem
1445 1276 1858 1333 Ecclesiasticam

133 1377 186 1430 in
237 1394 288 1431 se
340 1376 703 1449 complectitur.
765 1373 897 1429 Hinc
941 1373 1331 1448 Metropolitae,
1374 1385 1420 1429 et
1463 1371 1694 1428 Concilia
1738 1393 1856 1447 pro-

132 1470 369 1524 vincialia
413 1470 465 1524 in
507 1487 599 1524 usu
649 1468 939 1524 eorumdem
997 1468 1188 1539 jurium
1250 1469 1538 1524 auctoritati
1598 1465 1857 1522 Primatus

131 1565 335 1620 omnino
381 1563 652 1618 suberant:
697 1575 1003 1637 quapropter
1045 1561 1281 1633 Siricius,
1327 1561 1668 1632 InnocentiUS,
1709 1561 1855 1619 Zosi-

130 1677 278 1728 mus,
339 1658 525 1731 aliique
583 1656 804 1713 Romani
854 1655 1127 1713 Pontifices
1179 1658 1557 1730 provinciarum
1609 1656 1767 1727 fines,
1811 1669 1859 1712 et

132 1753 248 1824 jura
290 1752 638 1827 Metropoleon
681 1763 995 1822 statuerunt,
1038 1750 1406 1825 Episcoporum
1450 1751 1735 1821 electiones,
1776 1752 1855 1821 ju-

134 1847 270 1904 dicia
313 1848 435 1917 lata,
462 1865 640 1920 resque
683 1858 870 1902 ceteras
914 1866 942 1901 a
978 1844 1318 1919 Metropolitis
1361 1856 1408 1899 et
1452 1842 1696 1900 Conciliis
1739 1865 1855 1919 pro-

134 1941 434 1998 vincialibus
477 1953 664 2013 gestas,
692 1953 777 1996 aut
819 1940 1201 2009 confirmarunt,
1244 1950 1329 1994 aut
1372 1938 1702 2010 resciderunt,
1731 1959 1854 2013 quo-

127 2054 238 2091 rum
282 2036 627 2112 exemplorum
668 2036 815 2111 plena
858 2046 932 2090 est
971 2034 1311 2090 ecclesiastica
1354 2033 1586 2090 historia.

208 2128 382 2204 Itaque
426 2131 685 2186 verissime
728 2130 918 2186 dictum
962 2141 1036 2185 est
1065 2149 1094 2185 a
1129 2127 1471 2185 Thomassino
1514 2130 1567 2184 in
1610 2130 1740 2184 notis
1786 2129 1850 2185 ad

127 2244 272 2282 suum
335 2244 458 2300 opus
520 2225 580 2280 de
636 2236 730 2281 vet.
776 2236 823 2280 et
865 2243 980 2281 nov.
1024 2223 1163 2280 Eccl.
1208 2223 1446 2298 discipl.:
1492 2227 1561 2278 In
1602 2224 1851 2298 Pontificc

124 2330 229 2374 tota
289 2337 485 2392 semper
528 2319 804 2393 plenitudo
835 2319 1101 2392 potestatis
1142 2318 1371 2386 residet,
1417 2319 1509 2374 elsi
1550 2337 1654 2373 non
1695 2329 1853 2373 totam

124 2431 319 2487 semper
372 2425 627 2471 exerceat.
690 2413 793 2469 Ubi
845 2433 966 2485 ergo
1008 2433 1097 2489 per
1139 2433 1191 2470 se
1233 2433 1464 2469 exercere
1507 2415 1705 2488 coepit,
1748 2432 1848 2468 non

122 2509 232 2579 jure
275 2509 476 2565 aliunde
521 2520 849 2584 comparatO,
893 2509 981 2564 sed
1022 2511 1133 2581 jure
1174 2509 1382 2583 proprio
1437 2528 1553 2563 usus
1613 2519 1703 2564 est.
1767 2507 1847 2564 Ex

126 2605 306 2677 quibus
349 2605 612 2679 perspicue
653 2605 829 2676 liquet,
871 2605 1005 2675 Jura,
1051 2603 1112 2659 de
1155 2604 1338 2678 quibus
1382 2604 1658 2676 loquimur,
1686 2623 1713 2657 a
1740 2601 1850 2658 Me-

122 2699 392 2772 tropolitiS,
433 2711 480 2754 et
522 2698 764 2755 Conciliis
809 2699 1208 2774 provincialibus
1255 2698 1320 2754 ad
1365 2696 1623 2753 Romanos
1668 2697 1844 2754 Ponti-

121 2792 238 2848 fices
281 2812 379 2849 non
421 2793 684 2849 advenisse
727 2806 983 2867 tamquam
1028 2813 1160 2849 nova
1186 2806 1233 2849 et
1258 2792 1562 2862 adventitia,
1606 2806 1833 2868 propter-

117 2908 174 2944 ea
225 2888 360 2962 quod
410 2889 601 2945 nullum
647 2890 727 2960 jus
789 2909 973 2947 novum
1016 2902 1063 2945 et
1105 2889 1436 2945 adventitium
1479 2888 1714 2945 accedere
1769 2890 1833 2945 ad
