2114 3289
226 118 274 195 ᾗ.
297 141 384 177 xi„
405 140 467 177 DE
489 139 784 176 ADJUTORIB.
806 140 850 176 s,
876 141 1026 178 PONT.
1049 141 1091 177 s,
1114 142 1163 178 R.
1188 142 1233 178 E.
1254 139 1618 180 CARmNAussUs
1667 127 1775 180 153

148 240 588 314 Presbyterornm,
635 253 718 298 aut
760 239 1102 299 Diaconorum
1146 243 1580 317 praeficiebantur.
1635 244 1736 302 Sed
1795 247 1860 301 ad

147 335 432 391 Romanam
477 334 753 391 Ecclesiam
816 337 949 409 quod
1012 340 1204 407 attinet,
1263 339 1314 391 in
1375 357 1432 393 ea
1492 351 1632 394 erant
1676 340 1861 410 Tituli,

145 431 253 485 sive
295 429 569 498 Ecclesiae,
614 431 663 484 in
708 431 888 503 quibus
932 434 1062 486 sacri
1106 444 1373 487 conventus
1404 433 1655 505 fiebant,et
1681 433 1863 490 Sacra-

146 534 309 577 menta
354 522 859 593 administrabantur,
904 524 1115 597 ideoque
1158 523 1475 596 Presbyteris
1530 528 1864 597 concreditae,

144 616 274 672 unde
320 616 621 671 Cardinales
665 618 979 689 Presbyteri:
1024 632 1163 674 erant
1205 631 1251 673 et
1295 618 1572 676 Diaconiae
1614 624 1664 677 in
1706 621 1861 677 Urbis

147 713 457 783 regionibus,
522 713 795 787 hospitales
858 733 1032 788 nempe
1076 715 1253 771 domus
1306 735 1417 770 cum
1478 717 1864 773 adhaerentibus

148 804 360 861 Sacellis
405 819 450 860 et
493 804 768 877 Oratoriis,
813 807 1052 863 Diaconis
1113 809 1302 865 idcirco
1364 813 1682 881 commissae,
1734 811 1863 866 unde

144 902 446 957 Carclinales
490 903 734 971 Diaconi,
780 907 865 977 qni
908 906 1060 959 etiam
1103 906 1412 976 Reiniiarii
1457 908 1782 965 vocabantur.

228 994 412 1052 Nullus
457 1009 621 1052 autem
649 997 844 1053 Romae
879 999 1081 1054 extabat
1109 998 1397 1056 Cardinalis
1424 1001 1725 1076 EpiscopuS,
1752 1022 1863 1057 cum

144 1111 275 1147 UNUs
318 1090 579 1146 Romanus
623 1090 879 1162 Pontifex,
925 1104 1161 1166 tanquam
1189 1096 1422 1168 proprius
1449 1095 1728 1170 Episcopus
1756 1096 1862 1153 Ro-

145 1204 346 1240 manam
391 1184 669 1240 Ecclesiam
697 1186 1090 1242 administraret.
1120 1186 1308 1242 Verum
1337 1190 1385 1242 in
1421 1191 1549 1243 hanc
1584 1188 1862 1245 Ecclesiam

147 1280 366 1352 cooptati
409 1290 579 1353 postea
624 1291 737 1333 sunt
781 1291 968 1352 septem
1013 1281 1291 1335 vicinarum
1319 1283 1577 1336 civitatum
1603 1281 1863 1357 Episcopi,

148 1394 210 1429 ex
250 1394 348 1448 quo
411 1376 572 1448 coepit
633 1373 983 1429 Cardinalium
1043 1375 1265 1446 dignitas
1333 1378 1577 1433 illustrior
1631 1378 1758 1435 fieri.
1803 1378 1862 1433 ld

145 1469 330 1524 factum
375 1482 448 1524 est
491 1469 754 1526 undecimo
797 1470 924 1525 forte
974 1472 1193 1541 saecule,
1252 1473 1483 1545 quamvis
1543 1492 1641 1529 non
1699 1474 1863 1529 desint

145 1566 435 1638 scriptores,
497 1565 582 1637 qui
643 1566 896 1638 antiquius
958 1576 1152 1640 tempus
1223 1568 1501 1636 assignant,
1556 1588 1680 1640 quos
1742 1572 1871 1624 inter

148 1657 518 1714 Thomassinus
562 1671 692 1732 part.
738 1658 761 1713 I
787 1660 876 1715 lib.
914 1659 964 1713 ΙΙ
991 1680 1082 1733 cap
1113 1662 1242 1716 116.
1272 1659 1346 1715 De
1373 1661 1466 1716 hac
1502 1661 1867 1738 Episcoporum

144 1753 196 1807 in
223 1751 509 1806 Romanam
552 1751 831 1808 Ecclesiam
875 1756 1189 1827 cooptatione
1242 1754 1538 1829 Onuplu·ius
1589 1755 1866 1814 Panvinius

147 1847 199 1900 in
242 1845 332 1901 lib.
379 1846 440 1900 cle
484 1847 866 1919 Episcopalibns
912 1851 957 1901 T
956 1848 1111 1902 italis
1143 1859 1187 1902 et
1232 1849 1502 1904 Diaconiis
1545 1851 1667 1906 haec
1700 1852 1866 1908 habet:

146 1940 400 1995 Ecclesiae
447 1943 780 1996 Lateranensi
822 1960 950 2013 qnae
1013 1953 1081 1996 est
1141 1943 1375 2015 specialis
1434 1945 1588 2000 Sedes
1642 1947 1868 2000 Romani

147 2035 434 2109 PontificiS,
471 2047 685 2108 propter
711 2054 855 2091 snam
883 2047 928 2091 et
954 2038 1195 2111 Episcopi
1225 2039 1451 2093 Romani
1488 2040 1869 2109 excellentiam,

146 2140 331 2202 septem
358 2130 597 2203 Episcopi
625 2150 692 2185 ecc
719 2131 1098 2186 circumvicinis
1141 2133 1431 2188 civitatibus
1457 2135 1704 2206 assiqnati
1731 2148 1868 2203 sunt,

143 2223 235 2294 qui
277 2224 380 2278 suis
422 2226 563 2280 statis
604 2225 1004 2297 solemnibusque
1049 2227 1224 2280 diebus
1258 2227 1450 2299 sinqnli
1494 2247 1666 2283 coram
1688 2231 1868 2284 Ponti-

139 2317 233 2391 fice
276 2317 333 2372 in
378 2320 554 2373 eadem
598 2319 827 2374 Basilica
886 2321 1196 2375 celebrarent
1256 2323 1438 2377 divina
1479 2324 1743 2396 mysteria,
1775 2324 1872 2380 ,cel

143 2413 387 2486 Pontifici
430 2414 704 2468 celebranti
747 2416 1029 2470 assistentes
1056 2427 1228 2471 essent.
1258 2416 1325 2472 Hi
1354 2418 1550 2473 fuerunt
1587 2417 1866 2492 Episcopus

145 2506 424 2578 Hostienis,
452 2508 766 2579 portuensis,
797 2509 1117 2582 Albanensis,
1145 2511 1521 2582 Praenestinus,
1549 2512 1867 2584 Sabinensis,

147 2601 463 2659 Tusculanus
507 2616 552 2658 et
596 2603 649 2660 S.
695 2604 911 2661 Rufinae
954 2626 1038 2661 seu
1082 2605 1267 2678 Sylvae
1328 2606 1609 2677 Candidae,
1671 2610 1755 2680 qui
1816 2620 1862 2662 et

146 2696 384 2770 Episcopi
426 2698 788 2754 Sabarbicarii
831 2713 1086 2757 vocantur.
1131 2700 1318 2757 Verum
1364 2701 1515 2756 hodie
1559 2714 1863 2757 sextantum

147 2789 326 2862 reliqui
379 2805 510 2861 sunt,
554 2779 829 2868 'postquam
892 2794 1116 2851 Ecclesia
1178 2795 1231 2851 S.
1294 2794 1507 2850 Rufiuae
1551 2815 1634 2850 seu
1678 2795 1863 2866 Sylvae

148 2881 407 2939 Candidae
449 2885 773 2961 Episcopatui
818 2886 1084 2945 Portuensi
1130 2911 1156 2945 a
1200 2888 1421 2945 Callixto
1466 2888 1515 2944 ll
1559 2892 1695 2945 unita
1748 2890 1857 2948 fuit.
