2114 3289
396 124 440 199 S.
468 147 579 183 xx1.
609 146 668 182 DE
695 147 818 181 soma
844 146 1095 183 mraxime.
1126 146 1264 182 Lacr.
1295 144 1422 181 mna.
1462 144 1613 181 PnAv.
1727 131 1795 180 75

139 248 258 294 briel
292 248 584 294 Putherbeus
620 247 670 291 in
708 259 790 293 suo
832 245 1088 305 Theotimo,
1113 248 1194 306 qui
1231 254 1339 293 sunt
1363 244 1477 291 libri
1511 250 1606 291 tres
1627 241 1680 291 de
1704 257 1887 305 empur—

136 326 306 388 9andis
341 326 480 372 malis
517 326 687 372 libris:
712 329 993 374 Franciscus
1018 330 1123 373 Ant.
1151 327 1381 373 Zacharia
1405 327 1595 384 scripsit
1617 325 1885 371 Historiam

137 407 414 470 polemicam
436 405 489 454 de
511 405 828 468 prohibitione
865 407 1110 454 librorum.
1135 408 1250 455 vide
1282 408 1424 453 etiam
1454 408 1682 454 Joannem
1720 408 1887 454 Devoti

142 491 257 535 Inst.
297 490 477 535 Canon.
515 486 598 534 lib.
639 488 665 533 4
706 489 776 534 lit.
823 489 867 534 7.

923 660 969 737 §.
1018 668 1110 722 22.

631 817 704 864 DE
743 817 881 864 JURE
921 816 1174 864 FERENDI
1209 816 1393 864 LEGES

233 964 392 1022 Recta
436 966 809 1022 administratio
854 963 1110 1021 Ecclesiae
1152 966 1394 1040 postulat,
1424 976 1476 1020 ut
1519 948 1878 1020 Ecclesiastica

155 1059 426 1135 disciplina
468 1060 592 1115 bene
636 1059 868 1115 ordinata
911 1061 1171 1129 consistat,
1199 1059 1285 1114 ubi
1329 1059 1552 1133 collapsa
1597 1059 1661 1115 sit
1686 1060 1878 1114 instau-

156 1166 310 1224 retur,
352 1155 604 1210 interdum
647 1154 798 1209 etiam
840 1154 1149 1228 temporibus
1195 1165 1242 1208 et
1267 1154 1392 1209 loeis
1421 1151 1874 1209 accommodanda.

155 1246 394 1305 Officium
438 1260 602 1304 autem
645 1260 691 1302 et
730 1249 811 1317 jus
854 1246 1175 1302 ferendarum
1218 1247 1386 1317 legum
1423 1246 1788 1302 universalium
1816 1245 1877 1299 de

157 1339 513 1397 Ecclesiastica
557 1340 828 1414 disciplina
872 1339 936 1395 ad
979 1337 1269 1394 Romanum
1319 1338 1620 1394 Pontificem
1649 1340 1882 1412 pertinet„

156 1435 275 1508 quia
302 1452 590 1508 supremum
633 1432 889 1489 Ecclesiae
926 1430 1091 1507 Caput
1116 1445 1209 1502 est,
1238 1434 1317 1488 cui
1343 1432 1617 1506 pascendi,
1644 1433 1880 1503 regendi,

158 1538 204 1582 et
244 1528 570 1599 qubernandi
611 1526 955 1582 universalem
981 1526 1261 1582 Ecclesiam
1287 1545 1320 1581 a
1346 1530 1414 1583 D.
1443 1528 1510 1582 N.
1537 1528 1659 1581 Jesu
1685 1526 1883 1582 Christo

147 1621 308 1694 plena
342 1632 563 1695 potestas
605 1622 804 1676 tradita
861 1621 985 1695 ficit,
1047 1640 1175 1694 quae
1226 1633 1301 1676 est
1343 1617 1562 1677 Concilii
1605 1619 1883 1676 Florentini

159 1715 404 1773 definitio,
479 1715 756 1786 Quomodo
818 1717 951 1771 enim
1012 1717 1164 1771 totius
1233 1717 1402 1787 gregis
1464 1713 1650 1770 Pastor
1709 1727 1882 1786 reget,

157 1809 556 1884 gubernabitque
599 1809 902 1879 Ecclesiam,
945 1812 989 1865 si
1030 1812 1140 1881 jure
1182 1809 1504 1865 ferendarum
1530 1809 1697 1879 legum
1732 1808 1886 1864 desti-

158 1916 344 1973 tuatur,
389 1907 458 1960 ita
502 1916 553 1959 ut
595 1916 807 1978 nequeat
848 1905 1042 1975 jubere,
1087 1925 1215 1978 quae
1259 1916 1392 1960 recta
1436 1915 1570 1973 sunt,
1622 1915 1668 1958 et
1710 1904 1884 1978 prohi-

158 1998 275 2053 bere
317 1995 604 2055 contraria?
649 1996 811 2069 Igitur
836 2001 894 2068 ii,
921 2001 1007 2072 qui
1034 1997 1320 2054 Primatum
1347 2018 1446 2054 non
1474 1997 1625 2054 modo
1653 1998 1883 2067 honoriS‚

159 2092 247 2149 sed
316 2112 460 2149 verae
518 2091 889 2163 jurisdictionis
951 2093 1193 2148 divinitus
1254 2093 1538 2148 institutum
1607 2104 1886 2163 agnoscunt

167 2184 477 2257 (agnoscere
538 2198 701 2241 autem
762 2186 944 2241 debent
1002 2188 1089 2260 qui
1148 2186 1386 2242 catholici
1447 2205 1555 2242 esse
1617 2184 1884 2254 volunt),

161 2279 411 2335 fateantur
452 2299 652 2335 necesse
695 2291 788 2348 est,
850 2292 1145 2354 potestatem
1205 2278 1526 2336 ferendarum
1587 2280 1753 2351 legum
1814 2281 1883 2335 ita

160 2373 487 2430 Summorum
530 2371 836 2429 Pontificum
864 2392 972 2429 esse
1016 2376 1298 2449 propriam,
1326 2386 1397 2444 ut9
1424 2394 1482 2430 ea
1517 2375 1735 2443 sublata,
1770 2372 1886 2429 Pri-

162 2479 324 2524 matus
368 2469 519 2523 etiam
564 2467 807 2523 divinitus
851 2469 1107 2524 institutus
1150 2480 1419 2527 evertatur.

220 2659 283 2702 De
317 2658 771 2714 Constitutionibus,
810 2659 908 2705 sive
932 2658 1118 2718 legibus
1154 2661 1349 2706 Roman.
1376 2657 1650 2703 Pontificum
1687 2657 1893 2703 diximus

156 2735 295 2779 etiam
333 2736 381 2781 in
407 2737 816 2793 Praenotionibu5‚
856 2739 1063 2797 itemque
1086 2740 1142 2786 de
1167 2752 1325 2786 earum
1375 2737 1776 2796 promulgatione,
1814 2749 1894 2784 ac-

155 2817 441 2873 ceptatione,
478 2833 631 2878 neque
667 2834 763 2866 non
799 2821 854 2867 de
887 2822 1065 2868 Placito
1103 2823 1252 2881 regio.
1289 2821 1416 2867 Haec
1453 2820 1611 2866 omnia
1649 2820 1738 2865 huc
1773 2833 1893 2878 quo-

155 2909 244 2953 que
280 2899 535 2955 pertinent,
573 2908 619 2946 ct
654 2902 796 2960 digna
836 2910 962 2957 sunt,
1000 2915 1120 2960 quae
1159 2909 1266 2948 ante
1303 2901 1464 2949 oculos
1501 2902 1777 2947 habeantur.
