2114 3289
350 112 460 164 150

384 231 586 277 Concilii
622 227 860 288 generalis
886 226 1193 274 confirmandi
1233 226 1292 272 83
1332 234 1379 273 et
1414 240 1545 286 seqq.
1571 225 2000 291 Ejusdem-aucto-

385 315 501 358 ritas
539 313 617 358 88.
644 314 711 356 An
748 310 1013 355 Concilium
1050 309 1274 368 generale
1310 310 1373 354 sit
1408 312 1625 368 superius
1661 311 1885 358 Pontifice
1918 313 1997 358 89.

318 397 530 442 Concilia
567 392 889 451 particularia.
918 392 1088 437 Eorum
1111 392 1284 437 divisio
1323 393 1402 438 86.
1429 394 1602 440 Eorum
1635 395 1896 440 auctoritas
1922 395 2001 440 87.

252 476 563 534 Concorclczta,
603 483 649 522 et
687 489 845 522 eorum
885 476 957 520 vis
999 474 1108 519 142.

253 557 618 606 Constitucz'ones
653 556 951 602 Summorum
988 555 1273 618 Pontificum
1309 554 1417 616 sons
1452 555 1586 601 Jaris
1621 557 1864 603 Canonicz'.
1912 559 2006 604 Ea-

385 652 484 685 rum
523 638 735 684 definitio
775 644 820 683 et
857 638 1028 683 divisio
1068 637 1150 682 53.
1190 639 1469 683 Earnmdem
1506 651 1617 683 usus
1654 646 1700 685 et
1744 641 2005 685 auctoritas

387 721 435 765 in
471 720 580 765 Jure
616 720 857 764 Canonico
895 719 975 764 54.
1015 719 1150 765 Fides
1189 719 1364 764 eisdem
1401 719 1665 764 adhibenda
1714 721 1763 765 in
1815 722 2003 766 tuendis

387 799 574 858 juribus
610 800 909 857 Apostolicae
947 800 1083 846 Sedis
1119 802 1199 845 55.

321 882 726 929 Constitutionum
763 881 1063 938 Apostolicae
1102 881 1238 927 Sedis
1281 880 1596 939 promulgatio
1646 881 1726 927 56.
1765 882 2005 936 Quaenam

389 964 452 1008 sit
487 961 635 1007 forma
674 962 1070 1024 promulgationis
1110 962 1172 1007 56
1209 968 1256 1008 et
1300 962 1380 1007 57.
1419 963 1487 1006 An
1539 961 1746 1008 sufficiat
1795 963 2007 1021 promut-

386 1045 516 1103 gatio
555 1045 726 1088 Romae
767 1041 891 1087 sacta
929 1043 990 1087 57
1031 1049 1076 1089 et
1112 1043 1191 1089 58.
1230 1044 1299 1089 An
1337 1044 1606 1089 necessaria
1643 1043 1706 1088 sit
1740 1044 2003 1102 Episcopo-

388 1137 488 1170 rum
527 1124 792 1181 acceptatio
830 1123 894 1168 59
932 1130 976 1170 et
1013 1137 1143 1182 seqq.

256 1207 622 1255 Constitutiones
646 1206 954 1268 Apostolicae.
982 1207 1152 1253 Earum
1181 1213 1343 1254 auctor
1374 1207 1463 1253 105
1490 1213 1538 1254 et
1565 1207 1674 1253 106.
1701 1208 1760 1253 Et
1795 1208 2006 1254 auctori-

391 1296 462 1334 tas
505 1290 594 1334 106
634 1296 680 1334 et
722 1290 831 1334 107.

254 1369 565 1416 Consuetudo.
617 1367 734 1427 Ejus
777 1370 989 1415 definitio
1044 1376 1090 1416 ct
1138 1370 1310 1415 divisio
1362 1370 1440 1414 40.
1480 1366 1598 1427 Ejus
1650 1370 1721 1414 vis
1768 1369 1825 1414 ad
1874 1369 2005 1428 leges

385 1452 683 1510 abrogandas
721 1451 833 1496 ibid.
874 1452 1184 1496 Conditiones
1223 1451 1277 1495 ad
1314 1450 1360 1494 id
1397 1451 1697 1496 necessariae
1736 1450 1799 1496 40
1839 1457 1885 1496 et
1920 1451 2002 1494 41.

391 1536 462 1579 An
520 1546 601 1590 per
648 1532 1042 1577 consuetudinem
1093 1529 1366 1589 jurisdictio
1429 1544 1616 1588 quoque
1676 1532 2001 1577 ecclesiastica

396 1614 578 1671 acquiri
615 1614 765 1670 possit
801 1612 880 1657 43.
934 1613 1155 1671 Episcopi
1198 1624 1426 1669 quasnam
1464 1610 1717 1657 facultates
1767 1625 1849 1669 per
1883 1625 2003 1657 con-

387 1695 688 1740 suetudinem
734 1694 979 1751 acquirere
1016 1693 1204 1738 valeant
1243 1692 1322 1736 47.
1374 1695 1442 1737 An
1481 1692 1840 1738 consuetudinis
1879 1692 2001 1737 ratio

390 1776 452 1820 sit
496 1775 709 1819 habenda
749 1775 797 1818 in
834 1774 1266 1831 disceptationibus
1305 1774 1427 1817 inter
1463 1772 1790 1818 Sacerdotium
1829 1779 1876 1818 ct
1911 1773 2005 1817 lm-

387 1858 569 1914 perium
607 1856 669 1899 49
707 1862 752 1901 et
788 1868 917 1913 seqq.
959 1855 1161 1908 Quinam
1199 1854 1403 1913 legitimi
1439 1850 1626 1911 judices
1663 1854 1713 1898 in
1761 1853 1891 1900 hisce
1927 1855 2003 1898 di-

388 1938 765 1997 sceptationibus
801 1938 1003 1984 habendi
1041 1938 1122 1982 52.

1104 2021 1158 2064 D.

251 2099 623 2147 Declarotae'ones.
662 2101 1061 2159 Congregationis
1109 2098 1430 2145 Cardinalium
1479 2098 1683 2144 Concilii
1732 2098 2001 2144 Tridentini

386 2185 694 2241 interpretum
721 2184 1077 2230 Declarationcs
1107 2182 1161 2228 14
1188 2190 1234 2229 ct
1267 2183 1337 2227 15.
1365 2182 1645 2227 Earumdem
1671 2181 1740 2226 vis
1765 2188 1810 2227 et
1835 2187 2003 2227 aucto-

388 2269 506 2311 ritas
548 2269 603 2311 15
645 2273 691 2311 et
727 2278 856 2323 seqq.

317 2347 673 2394 Declarationcs
708 2347 905 2391 aliarum
953 2347 1387 2405 Congrcgationum
1437 2345 1776 2399 Cardinalium,
1816 2356 2001 2390 carum-

385 2442 474 2486 que
513 2428 582 2472 vis
619 2434 664 2472 et
702 2427 961 2472 auctoritas
1004 2427 1077 2471 17.

252 2509 533 2557 Decretciles.
572 2509 839 2555 Decretales
877 2515 984 2553 ante
1034 2508 1314 2566 Gregorium
1351 2508 1428 2552 IX.
1474 2507 1582 2552 130.
1623 2507 1794 2552 Earum
1832 2512 2000 2551 aucto-

382 2591 499 2635 ritas
540 2588 646 2633 131.
687 2587 954 2632 Decretalcs
989 2587 1206 2643 Gregorii
1246 2587 1320 2631 lX.
1367 2586 1473 2630 132.
1508 2585 1778 2632 Auctoritas
1815 2590 1860 2629 et
1897 2597 1999 2629 mo-

379 2671 465 2715 dus
502 2669 738 2727 allegandi
782 2666 887 2712 133.
926 2667 1242 2712 Decretalium
1280 2667 1398 2711 liber
1434 2673 1611 2720 sextus,
1648 2664 1995 2719 clementinae,

381 2758 427 2797 et
461 2752 838 2808 Extravagantes
879 2746 987 2792 133.
1026 2747 1190 2793 Modus
1227 2746 1484 2804 allegandi,
1521 2753 1568 2792 et
1603 2745 1863 2791 auctoritas
1906 2744 1995 2790 134

382 2839 427 2877 ct
472 2831 576 2876 135.
1171 2875 1187 2885 υ

346 2913 661 2959 Decretalium
696 2912 815 2960 liber
851 2910 1092 2970 septimus·
1133 2905 1249 2967 Ejus
1287 2907 1549 2956 auctoritas
1591 2906 1698 2955 139.
