2114 3289
364 139 437 190 6⁶.)
646 156 760 192 GAP.
788 156 840 193 ιι.
871 156 930 191 DE
959 156 1205 194 FoNTfflUs
1231 158 1368 196 sums
1397 159 1641 198 caucum}

1050 257 1095 333 §-
1145 265 1235 319 26.

858 397 929 442 DE
974 397 1214 443 rLAclro
1251 398 1428 444 Rssclo

354 544 524 618 Aliqui
576 542 878 599 Catienistae
923 546 1247 614 contendunt,
1294 544 1516 602 Summis
1562 547 1886 624 Principibus
1923 551 2002 620 jus

277 661 382 695 esse
436 638 827 693 Constitutiones
890 640 1258 694 ecclesiasticas
1303 641 1407 695 sive
1469 661 1497 695 a
1560 640 1768 699 Summo
1829 643 2005 700 Ponti-

278 735 387 803 ἦρε,
433 737 534 789 sive
579 734 643 787 ab
687 733 952 807 Episcopis
998 734 1246 803 conditas,
1293 747 1560 808 antequam
1605 738 2002 810 promulgentur,

267 830 505 903 &publicae
550 829 777 891 utilitatis
822 848 971 882 causa
1017 829 1340 903 inspiciendi,
1385 842 1530 903 atque
1597 832 1722 887 adeo
1785 832 2009 905 promul-

276 923 468 994 gandas
514 943 610 978 non
655 942 780 991 esse,
826 924 923 977 nisi
969 921 1230 997 Principes
1293 925 1389 998 ipsi
1458 927 1792 998 permiserint.
1857 924 2004 993 Quae

278 1018 479 1091 quidem
503 1020 768 1091 permissio
805 1018 1059 1071 Placitum
1088 1051 1110 1059 -
1154 1019 1417 1072 Placitum
1461 1019 1660 1090 ‘reqium
1702 1053 1725 1062 -
1760 1022 2009 1091 Exequct-

277 1124 362 1165 tur
383 1146 404 1154 -
434 1113 628 1183 reqium
672 1115 950 1181 Parealzcr,
981 1113 1195 1185 aliisque
1223 1113 1515 1183 hujusmodi
1553 1115 1810 1169 vocabulis
1848 1115 2010 1169 nomi-

276 1209 388 1261 nari
422 1208 563 1263 solet.
600 1206 729 1261 Illud
768 1219 930 1261 autem
963 1208 1041 1276 jus
1075 1206 1304 1261 derivant
1348 1227 1409 1261 ex
1438 1209 1548 1277 jure
1581 1208 1903 1280 majestatico
1932 1210 2009 1263 in-

276 1302 522 1376 spiciendi
555 1314 599 1356 et
631 1301 861 1369 cavendi,
894 1320 952 1354 ne
997 1301 1119 1373 quid
1164 1300 1472 1375 Respublica
1504 1301 1789 1357 detrimenti
1821 1304 2005 1376 capiat,

274 1382 537 1470 propterea
583 1396 717 1469 quod
763 1396 903 1465 ajunt
962 1396 1070 1449 fieri
1134 1415 1297 1469 posse9
1362 1407 1411 1449 ut
1474 1393 1867 1451 Constitutiones
1929 1416 2008 1451 ec-

275 1492 584 1546 clesiasticae
662 1490 854 1563 aliquid
935 1492 1256 1559 contineant,
1318 1490 1453 1563 quod
1529 1491 1726 1560 juribus
1800 1489 2007 1564 Imperii

276 1586 526 1654 detrahat,
572 1597 654 1640 aut
698 1586 835 1639 civili
881 1585 1105 1639 societati
1154 1603 1330 1639 nocere
1375 1585 1550 1657 possit.

355 1680 410 1736 Si
456 1680 651 1734 Plure‘li
712 1682 958 1749 originem
1012 1698 1246 1751 quaeras,
1288 1679 1394 1747 ejus
1438 1680 1636 1733 initium
1682 1679 2004 1753 repetendum

273 1788 345 1831 est
389 1796 416 1830 a
462 1777 732 1831 schismate
784 1776 1029 1843 omnium,
1088 1793 1214 1846 quae
1275 1774 1513 1828 hactenus
1577 1772 1856 1828 Ecclesiam
1915 1774 2009 1829 Dei

274 1871 556 1939 turbarunt,
601 1871 853 1924 teterrimo
899 1882 1045 1942 atque
1090 1870 1414 1939 longissimo,
1479 1868 1613 1941 quod
1676 1868 1740 1922 ab
1795 1867 2004 1925 Urbano

279 1964 353 2019 Vl
407 1965 470 2020 ad
550 1963 835 2020 Concilium
915 1962 1297 2018 Constantiense
1378 1963 1686 2036 perduravit.
1766 1960 2001 2036 Namque

277 2058 513 2115 Urbanus
559 2058 652 2128 VI,
697 2079 756 2112 ne
801 2060 1063 2113 occasione
1107 2058 1394 2111 schismatis
1439 2056 1640 2111 fraudes
1670 2058 1870 2129 impune
1915 2057 2005 2111 ad-

274 2157 605 2224 mitterentur,
642 2155 899 2223 c·o›ecessi{‚
946 2166 996 2207 ut
1033 2154 1242 2224 legimus
1289 2155 1336 2206 in
1370 2151 1736 2208 Constitutione
1781 2153 2007 2208 secunda

272 2249 483 2305 Martini
527 2249 593 2319 V,
637 2250 945 2319 quibusdam
990 2248 1274 2314 Praelatis,
1301 2248 1438 2318 quod
1474 2247 1530 2300 in
1565 2265 1741 2300 eorum
1784 2247 2005 2301 civitati-

271 2346 361 2399 bus
437 2356 482 2398 cc
559 2344 881 2398 Diceresibus
940 2362 1041 2395 non
1084 2354 1254 2414 posset
1312 2342 1430 2415 fieri
1475 2341 1752 2411 exequutio
1798 2342 2005 2411 aliqua-

271 2460 389 2494 rum
447 2440 742 2494 litterarum>
800 2438 1241 2510 apostolicarum,
1304 2436 1406 2490 nisi
1469 2436 1621 2508 prius
1698 2435 2006 2508 hujusmodi

271 2535 474 2590 litterae
517 2533 776 2587 Praelalis
834 2532 984 2603 ipsis,
1035 2532 1112 2585 cel
1180 2550 1357 2585 corum
1415 2530 1726 2603 Officialibus
1780 2531 1851 2583 acl
1909 2530 2000 2583 hoc

272 2631 541 2706 deputatis
575 2629 959 2698 eoeln'herentur,
1005 2639 1049 2682 ct
1084 2647 1182 2700 per
1245 2628 1381 2700 ipsos
1444 2628 1756 2699 approbatae
1819 2625 2005 2697 forent.

268 2724 537 2799 Principes
587 2743 805 2797 quoque,
850 2743 909 2777 ne
971 2723 1142 2796 populi
1205 2743 1232 2776 a
1294 2720 1822 2795 pseudopontificibus
1872 2721 2006 2776 deci-

270 2832 522 2893 perentur,
585 2821 635 2873 in
697 2818 900 2887 Bullas‚
963 2829 1007 2872 et
1069 2816 1463 2873 Constitutiones
1526 2833 1695 2871 omncs
1776 2815 2000 2871 studiose

271 2915 524 2986 inquirere
569 2925 853 2988 coeperunt.
