2114 3289
378 120 422 196 §.
448 144 519 180 lx,
550 143 609 178 DE
640 142 845 177 POTEST.
878 143 1079 179 ECGLES.
1110 145 1172 177 UT
1199 143 1357 178 AJUNT
1381 142 1620 179 INDEPEN.
1713 128 1777 178 41

131 247 199 292 ita
234 252 285 293 ut
319 243 523 303 alicujus
559 244 814 291 Societatis
849 252 1016 290 natura
1055 246 1261 304 intelligi
1312 246 1448 304 plane
1496 252 1731 304 nequeat,
1781 247 1874 292 nisi

134 324 240 384 ejus
275 325 522 385 regiminis
559 323 706 371 forma
730 325 868 371 simul
892 327 1082 384 cognita
1119 334 1455 384 perspectaque
1492 325 1737 371 habeatur.
1777 327 1873 371 lta-

131 420 220 464 que
258 419 312 452 ea
348 406 582 452 definitio:
623 411 775 451 coetus
810 404 1049 452 hominum
1080 406 1392 453 christianam
1413 405 1700 466 Reliqionem
1722 404 1876 451 colen-

132 485 252 532 tium
287 484 370 532 sub
405 485 628 546 leyitimis
663 486 971 542 Pastoribus‚
1012 488 1066 532 ad
1102 488 1340 534 Ecclesias
1374 487 1716 546 particulareS,
1753 499 1874 545 quae

133 578 159 612 a
195 567 292 613 suis
327 567 573 625 Episcopis
609 575 870 627 reguntur,
908 567 1105 614 fortasse
1142 569 1317 626 poterit
1365 568 1742 614 accommodari:
1795 567 1876 613 sed

132 647 375 694 Ecclesiae
409 648 680 695 Catholicae
717 649 983 704 universae,
1016 662 1135 706 quae
1171 649 1237 694 ita
1262 661 1286 694 a
1309 649 1493 695 Christo
1531 649 1750 695 instituta
1788 653 1875 703 est,

134 734 186 773 ut
221 741 313 773 non
352 729 487 774 modo
525 729 582 774 ab
620 730 884 786 Episcopis,
918 730 995 775 sed
1034 730 1329 788 potissimum
1354 742 1379 775 a
1403 730 1594 776 Summo
1630 729 1874 783 Pontifice‚

136 821 228 855 uno
263 811 445 868 Capite,
484 817 530 856 et
568 811 767 857 unitatis
803 818 964 857 centro
1000 818 1264 870 regeretur,
1301 818 1519 858 naturam
1555 811 1748 857 minime
1793 823 1879 856 ex-

132 889 292 947 plicat.
345 892 494 949 Igitur
543 891 707 937 mutila
759 899 806 937 ct
855 905 1021 938 manca
1058 898 1144 938 est.
1182 892 1395 938 Similem
1432 892 1673 939 Ecclesiae
1708 891 1877 938 defini—

132 970 311 1016 tionem
358 979 544 1029 praeter
591 978 775 1018 ceteros
824 972 1047 1030 proponit
1094 973 1382 1027 FebroniuS,
1432 974 1512 1031 qui
1550 986 1575 1018 a
1614 971 1874 1020 Mamachio

133 1049 367 1098 refellitur
402 1053 601 1111 epistola
639 1053 668 1097 2
704 1053 759 1098 ad
796 1054 1075 1099 Febronium
1115 1051 1154 1114 S.
1195 1053 1224 1097 2
1263 1060 1308 1099 et
1343 1052 1388 1098 3.

910 1226 958 1302 g.
1009 1233 1099 1285 10.

495 1378 569 1424 DE
607 1377 985 1424 ARGUMENTIS
1022 1377 1514 1426 PROTESTANTIUM

661 1488 696 1533 I.
735 1488 810 1533 EX
848 1487 1050 1535 SACRIS
1088 1488 1353 1536 LITTERIS

221 1653 503 1711 Ecclesiam
562 1674 670 1710 esse
713 1673 775 1709 ex
817 1674 874 1710 eo
925 1673 1105 1725 genere
1155 1657 1488 1726 societatum,
1542 1675 1666 1729 quas
1725 1656 1869 1710 inac-

142 1748 317 1820 quales
377 1746 593 1804 Scholae
636 1748 917 1823 appellant,
959 1748 1046 1803 ubi
1088 1767 1264 1824 nempe
1307 1749 1395 1804 alii
1455 1761 1570 1806 sunt
1630 1751 1716 1822 qui
1771 1750 1871 1804 im—

135 1843 378 1916 perium,
404 1854 450 1898 et
475 1843 603 1898 illud
644 1842 848 1916 quidem
891 1860 1147 1897 summum
1180 1856 1327 1917 atque
1352 1844 1703 1917 independens
1728 1864 1871 1900 exer-

140 1951 271 2010 cent,
314 1951 361 1995 et
404 1939 493 1995 alii
537 1958 752 2014 quornm
796 1941 959 1996 omnis
1003 1940 1168 2011 gloria
1211 1942 1262 1995 in
1307 1941 1588 1996 obediendo
1633 1943 1728 1997 sita
1772 1954 1864 2011 est,

141 2033 484 2091 Protcstantes
535 2035 740 2089 omnino
784 2047 1084 2108 pernegant,
1129 2045 1175 2090 et
1217 2035 1348 2090 hanc
1393 2036 1654 2091 veritatem
1697 2037 1870 2092 catho-

141 2129 293 2185 licam
338 2148 521 2200 magno
566 2131 754 2203 impetu
801 2129 1118 2186 adoriuntur.
1180 2128 1343 2185 Multa
1388 2130 1592 2202 quidem
1644 2150 1736 2204 pro
1780 2150 1870 2187 suo

145 2224 358 2297 quisque
425 2224 626 2295 ingenio
693 2225 745 2277 in
806 2222 1027 2278 medium
1088 2225 1436 2298 protulerunt,
1498 2243 1626 2297 quae
1686 2225 1870 2281 referre

142 2319 350 2388 omnia,
391 2337 548 2391 neque
593 2336 772 2392 operae
815 2320 1031 2392 pretium
1076 2331 1183 2388 est,
1228 2339 1385 2393 neque
1440 2322 1598 2376 nostri
1652 2321 1867 2374 instituti

139 2414 270 2469 ratio
314 2413 519 2487 patitur.
565 2410 624 2466 Id
670 2431 785 2468 vero
828 2414 1025 2484 egregie
1070 2413 1312 2487 docteque
1355 2414 1602 2488 praestitit
1630 2412 1691 2470 P.
1720 2412 1869 2485 Igna-

138 2510 238 2564 tius
300 2505 548 2564 Schwarz
611 2505 775 2563 Instit.
837 2506 975 2564 Juris
1027 2508 1166 2582 publ.
1213 2511 1406 2566 univer.
1450 2520 1582 2582 part.
1632 2510 1656 2560 1
1707 2510 1783 2565 tit.
1832 2514 1863 2564 3

139 2603 370 2658 instruct.
419 2604 452 2654 2
496 2613 543 2656 et
589 2606 642 2657 3.
687 2600 812 2657 Tria
858 2614 1023 2659 tamen
1066 2604 1339 2678 praecipua
1391 2614 1504 2658 sunt
1555 2621 1728 2657 eorum
1791 2623 1871 2659 ar-

140 2708 394 2766 gumenta,
432 2695 615 2771 quibus
657 2708 833 2771 putant
877 2697 1185 2755 catholicam
1229 2697 1513 2753 doctrinam
1557 2709 1774 2753 evertere
1818 2718 1869 2754 se

141 2808 316 2863 posse,
360 2809 574 2863 quorum
618 2811 772 2848 unum
815 2812 878 2848 ex
923 2791 1096 2849 Sacris
1142 2791 1377 2859 Litteris,
1420 2792 1632 2846 alterum
1676 2812 1738 2847 ex
1782 2813 1869 2849 na-

145 2895 254 2938 tura
303 2882 615 2955 Religionis9
661 2889 860 2943 tertium
906 2908 966 2942 cx
1016 2888 1185 2942 indole
1230 2885 1740 2958 Rerumpublicarum
1787 2889 1870 2943 dc-
