2114 3289
602 131 648 208 S.
691 155 765 193 ix.
812 155 873 191 DE
917 155 1206 194 amovimus
1247 156 1378 193 rmssi
1711 141 1781 194 19

127 257 322 314 libitate
366 257 421 315 S.
466 255 794 332 Scripturae,
838 257 900 314 de
942 260 1130 315 unitate
1172 257 1465 330 Ecclesiae,
1509 257 1572 314 de
1617 256 1858 317 Primatu

130 350 350 408 Romani
394 350 689 421 Pontificis„
734 352 794 407 de
837 354 1122 408 animarum
1165 354 1542 410 immortalitate
1584 365 1632 409 et
1677 372 1862 429 corpo-

127 466 238 502 rum
264 447 644 514 resurrectione,
671 446 732 500 de
758 458 986 501 aeternae
1019 448 1149 502 vitae
1192 448 1432 522 praemiis
1475 459 1523 503 et
1565 446 1853 523 suppliciis,

131 542 252 595 haec
296 541 502 612 inquam
546 539 745 613 aliaque
787 539 840 594 id
883 559 1038 612 genus
1082 542 1239 596 multa
1282 542 1334 595 in
1385 561 1531 598 suum
1582 540 1852 597 Decretum

128 634 350 689 inseruit.
414 632 480 687 At
525 653 639 689 vero
684 654 782 690 non
827 654 997 690 omnes
1042 654 1294 704 canoneS,
1339 637 1389 690 in
1433 637 1615 710 quibus
1663 637 1849 693 veritas

133 727 304 800 aliqua
346 728 660 797 enunciatur‚
705 729 940 784 continuo
985 728 1260 800 dogmatici
1303 729 1524 785 habendi
1551 742 1684 801 sunt3
1727 730 1852 802 dog-

128 825 338 879 maticos
400 825 532 879 enim
574 824 813 894 dicimus,
861 826 947 899 qui
990 826 1268 881 catholicae
1313 825 1432 881 fidei
1475 827 1702 898 regulam
1746 829 1852 883 sive

128 917 368 988 dogmata
427 917 665 988 tradunt,
725 938 995 992 omnesque
1056 919 1228 976 fideles
1292 920 1357 975 ad
1416 920 1722 976 credendum
1783 921 1853 977 ita

129 1012 477 1083 obstringunt,
521 1023 573 1067 ut
615 1013 895 1068 haereticus
938 1015 1040 1084 sit,
1084 1016 1170 1087 qui
1213 1027 1499 1070 constanter
1543 1015 1852 1089 firmiterque

127 1125 225 1161 non
270 1108 589 1162 assentiatur.
634 1104 746 1162 Duo
798 1107 954 1178 igitur
996 1107 1382 1178 desiderantur,
1427 1121 1480 1164 ut
1522 1128 1683 1165 canon
1726 1110 1852 1181 dog-

124 1202 336 1255 maticus
381 1200 642 1257 habeatur.
688 1199 918 1256 Primum
962 1213 1035 1257 est
1078 1202 1251 1257 divina
1295 1203 1554 1272 revelati0‚
1598 1214 1652 1258 ut
1703 1205 1853 1261 nimi-

127 1313 237 1349 rum
301 1293 436 1367 quod
497 1313 684 1350 canone
743 1294 986 1364 docetur,
1038 1296 1089 1349 in
1144 1295 1296 1351 verbo
1339 1293 1434 1351 Dei
1477 1298 1582 1352 sive
1625 1300 1855 1372 scripte,

128 1390 233 1443 sive
297 1388 482 1443 tradito
538 1389 888 1457 contineatur,
942 1407 1055 1444 cum
1099 1388 1223 1444 fides
1267 1389 1517 1446 catholica
1561 1393 1850 1449 auctoritati

127 1483 282 1538 solius
344 1481 437 1537 Dei
498 1483 758 1538 innitatur.
819 1479 1048 1538 Alterum
1101 1495 1175 1539 est
1227 1482 1483 1540 Ecclesiae
1525 1487 1847 1560 propositi0‚

123 1588 174 1631 ut
218 1576 450 1632 videlicet
493 1576 618 1631 illud
662 1578 858 1651 ipsum,
902 1578 1037 1651 quod
1082 1598 1269 1634 canone
1313 1579 1555 1649 docetur,
1599 1591 1704 1635 tum
1749 1579 1847 1638 Ec-

121 1672 273 1726 clesia
307 1672 642 1745 proposuerit,
669 1683 773 1728 tum
815 1674 968 1728 etiam
1010 1673 1214 1743 jusserit
1256 1673 1321 1729 ab
1365 1674 1599 1730 omnibus
1644 1687 1690 1730 et
1733 1678 1838 1732 sin-

120 1767 251 1837 gulis
280 1765 512 1820 fidelibus
545 1785 636 1839 pro
682 1768 887 1822 veritate
930 1767 1180 1823 catholica
1224 1770 1397 1824 teneri.
1442 1766 1523 1823 Ad
1568 1788 1672 1824 rem
1716 1768 1845 1826 Mel-

122 1861 267 1915 chior
293 1858 460 1915 Canus
489 1859 549 1914 de
581 1860 704 1916 locis
749 1861 902 1917 theol.
946 1862 1036 1917 lib.
1068 1865 1099 1917 5
1136 1882 1246 1936 cap.
1294 1865 1325 1917 5
1356 1874 1548 1936 quaest.
1590 1866 1653 1918 4:
1698 1867 1851 1921 Sum-

118 1973 321 2008 morum
372 1954 712 2028 Pontificum,
759 1956 1205 2028 Conciliorumque
1249 1957 1487 2011 doctrina
1529 1957 1572 2012 si
1616 1959 1709 2014 toti
1751 1962 1848 2014 Ec-

120 2049 300 2104 clesiae
353 2060 718 2122 proponatur,
781 2051 824 2105 si
878 2069 992 2105 cum
1043 2051 1352 2124 obliyatione
1403 2051 1559 2107 etiam
1601 2054 1846 2109 credendi

110 2155 459 2218 proponatur,
502 2156 609 2199 tum
652 2164 770 2200 vero
813 2146 875 2200 de
911 2146 1039 2221 fidei
1083 2164 1237 2202 causa
1272 2145 1544 2221 judicium
1588 2159 1674 2205 esc.

884 2317 930 2394 S.
980 2324 1073 2378 10.

426 2458 498 2503 DE
537 2457 710 2505 NOTIS
746 2459 1030 2507 CANONUM
1064 2460 1536 2509 DOGMATICORUM

192 2618 441 2675 Veronius
493 2622 545 2675 in
588 2621 760 2692 regula
805 2621 923 2678 fidei
967 2623 1245 2679 catholicae
1288 2618 1333 2694 3.
1381 2626 1415 2678 2
1459 2643 1564 2679 rem
1605 2624 1838 2681 eamdem

112 2732 361 2786 exponens
423 2717 492 2772 ita
551 2716 795 2789 loquitur:
857 2721 976 2771 Duo
1035 2718 1216 2773 debe-nt
1257 2718 1577 2793 conjunctim
1628 2719 1835 2788 adesse,

112 2824 210 2877 quo
252 2809 488 2865 doctrina
530 2810 708 2883 aliqua
749 2812 812 2866 sit
864 2813 992 2887 fidei
1033 2813 1311 2882 catholicae,
1363 2814 1585 2869 alterum
1643 2825 1699 2868 ut
1761 2816 1826 2870 sit

112 2902 334 2960 revelata
375 2924 408 2959 a
448 2909 558 2961 Deo
595 2924 691 2979 per
751 2910 1055 2983 ProphetaS,
1119 2909 1401 2980 Αροετοῖοε,
1453 2927 1538 2964 seu
1582 2913 1825 2966 Auctores
