<?xml version="1.0" encoding="UTF-8"?>
<!DOCTYPE html PUBLIC "-//W3C//DTD XHTML 1.0 Transitional//EN"
    "http://www.w3.org/TR/xhtml1/DTD/xhtml1-transitional.dtd">
<html xmlns="http://www.w3.org/1999/xhtml" xml:lang="en" lang="en">
 <head>
  <title>
</title>
<meta http-equiv="Content-Type" content="text/html;charset=utf-8" />
  <meta name='ocr-system' content='tesseract 3.04.00' />
  <meta name='ocr-capabilities' content='ocr_page ocr_carea ocr_par ocr_line ocrx_word'/>
</head>
<body>
  <div class='ocr_page' id='page_1' title='image "./joanniscardinali00sogl_0100.png"; bbox 0 0 2114 3289; ppageno 0'>
   <div class='ocr_carea' id='block_1_1' title="bbox 353 163 1674 216">
    <p class='ocr_par' dir='ltr' id='par_1_1' title="bbox 353 163 1674 216">
     <span class='ocr_line' id='line_1_1' title="bbox 353 163 1674 216; baseline -0.001 -2"><span class='ocrx_word' id='word_1_1' title='bbox 353 163 425 214; x_wconf 70' lang='lat'>82</span> <span class='ocrx_word' id='word_1_2' title='bbox 592 178 706 216; x_wconf 75' lang='lat' dir='ltr'>cAr.</span> <span class='ocrx_word' id='word_1_3' title='bbox 751 178 802 213; x_wconf 88' lang='lat'>11.</span> <span class='ocrx_word' id='word_1_4' title='bbox 851 177 910 211; x_wconf 74' lang='lat' dir='ltr'>ne</span> <span class='ocrx_word' id='word_1_5' title='bbox 960 177 1206 214; x_wconf 77' lang='lat' dir='ltr'>Fourlssus</span> <span class='ocrx_word' id='word_1_6' title='bbox 1247 179 1386 213; x_wconf 73' lang='lat' dir='ltr'>sums</span> <span class='ocrx_word' id='word_1_7' title='bbox 1430 178 1674 214; x_wconf 61' lang='lat' dir='ltr'>cauomcl</span> 
     </span>
    </p>
   </div>
   <div class='ocr_carea' id='block_1_2' title="bbox 257 279 2011 3002">
    <p class='ocr_par' dir='ltr' id='par_1_2' title="bbox 257 279 1997 638">
     <span class='ocr_line' id='line_1_2' title="bbox 257 279 1994 356; baseline -0.001 -20"><span class='ocrx_word' id='word_1_8' title='bbox 257 294 380 356; x_wconf 78' lang='lat' dir='ltr'>ptus</span> <span class='ocrx_word' id='word_1_9' title='bbox 416 300 541 337; x_wconf 63' lang='lat' dir='ltr'>mon</span> <span class='ocrx_word' id='word_1_10' title='bbox 602 292 700 346; x_wconf 71' lang='lat' dir='ltr'>est,</span> <span class='ocrx_word' id='word_1_11' title='bbox 745 280 896 333; x_wconf 79' lang='lat' dir='ltr'>illum</span> <span class='ocrx_word' id='word_1_12' title='bbox 939 279 1281 334; x_wconf 80' lang='lat' dir='ltr'>ecclesiasticis</span> <span class='ocrx_word' id='word_1_13' title='bbox 1324 279 1535 351; x_wconf 64' lang='lat' dir='ltr'>negociis</span> <span class='ocrx_word' id='word_1_14' title='bbox 1580 291 1624 334; x_wconf 80' lang='lat' dir='ltr'>ec</span> <span class='ocrx_word' id='word_1_15' title='bbox 1668 281 1994 335; x_wconf 79' lang='lat' dir='ltr'>consultatio-</span> 
     </span>
     <span class='ocr_line' id='line_1_3' title="bbox 267 371 1997 449; baseline -0.001 -18"><span class='ocrx_word' id='word_1_16' title='bbox 267 377 413 431; x_wconf 74' lang='lat' dir='ltr'>nibus</span> <span class='ocrx_word' id='word_1_17' title='bbox 471 394 570 430; x_wconf 81' lang='lat' dir='ltr'>sese</span> <span class='ocrx_word' id='word_1_18' title='bbox 628 373 912 427; x_wconf 75' lang='lat' dir='ltr'>immiscere</span> <span class='ocrx_word' id='word_1_19' title='bbox 936 395 958 443; x_wconf 76' lang='lat'>‚-</span> <span class='ocrx_word' id='word_1_20' title='bbox 1013 373 1100 429; x_wconf 90' lang='lat' dir='ltr'>sed</span> <span class='ocrx_word' id='word_1_21' title='bbox 1152 386 1202 427; x_wconf 92' lang='lat' dir='ltr'>ut</span> <span class='ocrx_word' id='word_1_22' title='bbox 1246 371 1457 428; x_wconf 88' lang='lat' dir='ltr'>Patrum</span> <span class='ocrx_word' id='word_1_23' title='bbox 1502 375 1757 430; x_wconf 86' lang='lat' dir='ltr'>securitati</span> <span class='ocrx_word' id='word_1_24' title='bbox 1801 377 1997 449; x_wconf 90' lang='lat' dir='ltr'>prospi-</span> 
     </span>
     <span class='ocr_line' id='line_1_4' title="bbox 272 465 1995 542; baseline -0.002 -15"><span class='ocrx_word' id='word_1_25' title='bbox 272 484 457 541; x_wconf 76' lang='lat' dir='ltr'>cerent,</span> <span class='ocrx_word' id='word_1_26' title='bbox 485 470 725 525; x_wconf 89' lang='lat' dir='ltr'>tumultus</span> <span class='ocrx_word' id='word_1_27' title='bbox 770 480 1160 542; x_wconf 80' lang='lat' dir='ltr'>compescerent,</span> <span class='ocrx_word' id='word_1_28' title='bbox 1194 479 1240 522; x_wconf 90' lang='lat' dir='ltr'>et</span> <span class='ocrx_word' id='word_1_29' title='bbox 1285 465 1632 524; x_wconf 87' lang='lat' dir='ltr'>Conciliorum</span> <span class='ocrx_word' id='word_1_30' title='bbox 1676 469 1995 524; x_wconf 87' lang='lat' dir='ltr'>definitiones</span> 
     </span>
     <span class='ocr_line' id='line_1_5' title="bbox 275 563 1454 638; baseline -0.001 -18"><span class='ocrx_word' id='word_1_31' title='bbox 275 577 422 638; x_wconf 89' lang='lat' dir='ltr'>atque</span> <span class='ocrx_word' id='word_1_32' title='bbox 465 564 662 619; x_wconf 89' lang='lat' dir='ltr'>decreta</span> <span class='ocrx_word' id='word_1_33' title='bbox 707 582 796 617; x_wconf 89' lang='lat' dir='ltr'>sua</span> <span class='ocrx_word' id='word_1_34' title='bbox 841 563 1138 617; x_wconf 88' lang='lat' dir='ltr'>auctoritate</span> <span class='ocrx_word' id='word_1_35' title='bbox 1181 574 1454 619; x_wconf 89' lang='lat' dir='ltr'>tuerentur.</span> 
     </span>
    </p>

    <p class='ocr_par' dir='ltr' id='par_1_3' title="bbox 275 657 2000 1110">
     <span class='ocr_line' id='line_1_6' title="bbox 355 657 1998 730; baseline -0.001 -17"><span class='ocrx_word' id='word_1_36' title='bbox 355 658 494 727; x_wconf 83' lang='lat' dir='ltr'>Quin</span> <span class='ocrx_word' id='word_1_37' title='bbox 555 659 706 713; x_wconf 89' lang='lat' dir='ltr'>etiam</span> <span class='ocrx_word' id='word_1_38' title='bbox 751 657 1003 712; x_wconf 83' lang='lat' dir='ltr'>interdum</span> <span class='ocrx_word' id='word_1_39' title='bbox 1065 669 1258 712; x_wconf 87' lang='lat' dir='ltr'>constat</span> <span class='ocrx_word' id='word_1_40' title='bbox 1302 657 1623 730; x_wconf 82' lang='lat' dir='ltr'>presbyteros</span> <span class='ocrx_word' id='word_1_41' title='bbox 1664 669 1712 712; x_wconf 49' lang='lat' dir='ltr'>*et</span> <span class='ocrx_word' id='word_1_42' title='bbox 1756 658 1998 713; x_wconf 84' lang='lat' dir='ltr'>diaconos</span> 
     </span>
     <span class='ocr_line' id='line_1_7' title="bbox 275 751 1997 825; baseline -0.002 -15"><span class='ocrx_word' id='word_1_43' title='bbox 275 753 518 810; x_wconf 90' lang='lat' dir='ltr'>Conciliis</span> <span class='ocrx_word' id='word_1_44' title='bbox 578 752 897 822; x_wconf 79' lang='lat' dir='ltr'>generalibus</span> <span class='ocrx_word' id='word_1_45' title='bbox 951 751 1274 821; x_wconf 69' lang='lat' dir='ltr'>interfuisse,</span> <span class='ocrx_word' id='word_1_46' title='bbox 1322 754 1615 825; x_wconf 86' lang='lat' dir='ltr'>praesertim</span> <span class='ocrx_word' id='word_1_47' title='bbox 1663 765 1712 806; x_wconf 93' lang='lat' dir='ltr'>ut</span> <span class='ocrx_word' id='word_1_48' title='bbox 1757 752 1997 807; x_wconf 86' lang='lat' dir='ltr'>adversus</span> 
     </span>
     <span class='ocr_line' id='line_1_8' title="bbox 276 844 2000 921; baseline -0.001 -19"><span class='ocrx_word' id='word_1_49' title='bbox 276 849 553 903; x_wconf 87' lang='lat' dir='ltr'>haereticos</span> <span class='ocrx_word' id='word_1_50' title='bbox 599 846 931 921; x_wconf 80' lang='lat' dir='ltr'>disputarent.</span> <span class='ocrx_word' id='word_1_51' title='bbox 994 844 1112 914; x_wconf 82' lang='lat' dir='ltr'>Qua</span> <span class='ocrx_word' id='word_1_52' title='bbox 1156 846 1217 900; x_wconf 90' lang='lat' dir='ltr'>de</span> <span class='ocrx_word' id='word_1_53' title='bbox 1261 866 1312 901; x_wconf 88' lang='lat' dir='ltr'>re</span> <span class='ocrx_word' id='word_1_54' title='bbox 1356 847 1538 916; x_wconf 87' lang='lat' dir='ltr'>dignus</span> <span class='ocrx_word' id='word_1_55' title='bbox 1583 848 1632 901; x_wconf 91' lang='lat' dir='ltr'>in</span> <span class='ocrx_word' id='word_1_56' title='bbox 1679 848 1856 920; x_wconf 91' lang='lat' dir='ltr'>primis</span> <span class='ocrx_word' id='word_1_57' title='bbox 1900 866 2000 901; x_wconf 90' lang='lat' dir='ltr'>me-</span> 
     </span>
     <span class='ocr_line' id='line_1_9' title="bbox 275 939 2000 1013; baseline -0.001 -16"><span class='ocrx_word' id='word_1_58' title='bbox 275 953 470 998; x_wconf 74' lang='lat' dir='ltr'>moratu</span> <span class='ocrx_word' id='word_1_59' title='bbox 529 954 601 996; x_wconf 83' lang='lat' dir='ltr'>est</span> <span class='ocrx_word' id='word_1_60' title='bbox 655 941 1000 1010; x_wconf 74' lang='lat' dir='ltr'>Athanasius,</span> <span class='ocrx_word' id='word_1_61' title='bbox 1052 944 1137 1013; x_wconf 91' lang='lat' dir='ltr'>qui</span> <span class='ocrx_word' id='word_1_62' title='bbox 1183 941 1347 996; x_wconf 82' lang='lat' dir='ltr'>adhuc</span> <span class='ocrx_word' id='word_1_63' title='bbox 1392 942 1634 997; x_wconf 90' lang='lat' dir='ltr'>diaconus</span> <span class='ocrx_word' id='word_1_64' title='bbox 1680 943 1729 995; x_wconf 93' lang='lat' dir='ltr'>in</span> <span class='ocrx_word' id='word_1_65' title='bbox 1773 939 2000 996; x_wconf 85' lang='lat' dir='ltr'>Nicaena</span> 
     </span>
     <span class='ocr_line' id='line_1_10' title="bbox 275 1035 1372 1110; baseline 0 -19"><span class='ocrx_word' id='word_1_66' title='bbox 275 1035 482 1107; x_wconf 70' lang='lat' dir='ltr'>Synodo</span> <span class='ocrx_word' id='word_1_67' title='bbox 527 1036 768 1091; x_wconf 83' lang='lat' dir='ltr'>adversus</span> <span class='ocrx_word' id='word_1_68' title='bbox 815 1036 1032 1095; x_wconf 67' lang='lat' dir='ltr'>Arianos</span> <span class='ocrx_word' id='word_1_69' title='bbox 1078 1036 1372 1110; x_wconf 88' lang='lat' dir='ltr'>disputavit.</span> 
     </span>
    </p>

    <p class='ocr_par' dir='ltr' id='par_1_4' title="bbox 277 1129 2005 1396">
     <span class='ocr_line' id='line_1_11' title="bbox 354 1129 2001 1205; baseline 0 -20"><span class='ocrx_word' id='word_1_70' title='bbox 354 1130 584 1186; x_wconf 81' lang='lat' dir='ltr'>Tandem</span> <span class='ocrx_word' id='word_1_71' title='bbox 629 1143 676 1185; x_wconf 91' lang='lat' dir='ltr'>et</span> <span class='ocrx_word' id='word_1_72' title='bbox 718 1131 940 1202; x_wconf 77' lang='lat' dir='ltr'>legitime</span> <span class='ocrx_word' id='word_1_73' title='bbox 984 1131 1212 1186; x_wconf 80' lang='lat' dir='ltr'>absentes</span> <span class='ocrx_word' id='word_1_74' title='bbox 1239 1129 1481 1205; x_wconf 84' lang='lat' dir='ltr'>Episcopi</span> <span class='ocrx_word' id='word_1_75' title='bbox 1508 1143 1857 1205; x_wconf 78' lang='lat' dir='ltr'>procuratores</span> <span class='ocrx_word' id='word_1_76' title='bbox 1886 1150 2001 1186; x_wconf 89' lang='lat' dir='ltr'>suos</span> 
     </span>
     <span class='ocr_line' id='line_1_12' title="bbox 277 1225 2005 1300; baseline -0.001 -18"><span class='ocrx_word' id='word_1_77' title='bbox 277 1229 341 1282; x_wconf 91' lang='lat' dir='ltr'>ad</span> <span class='ocrx_word' id='word_1_78' title='bbox 387 1225 618 1283; x_wconf 77' lang='lat' dir='ltr'>Cone-ilia</span> <span class='ocrx_word' id='word_1_79' title='bbox 664 1229 879 1282; x_wconf 85' lang='lat' dir='ltr'>mittunt.</span> <span class='ocrx_word' id='word_1_80' title='bbox 944 1226 1097 1282; x_wconf 83' lang='lat' dir='ltr'>Hisce</span> <span class='ocrx_word' id='word_1_81' title='bbox 1139 1227 1552 1300; x_wconf 81' lang='lat' dir='ltr'>procuratoribus</span> <span class='ocrx_word' id='word_1_82' title='bbox 1598 1226 1884 1281; x_wconf 86' lang='lat' dir='ltr'>facultatem</span> <span class='ocrx_word' id='word_1_83' title='bbox 1934 1225 2005 1280; x_wconf 85' lang='lat' dir='ltr'>fe-</span> 
     </span>
     <span class='ocr_line' id='line_1_13' title="bbox 278 1319 1802 1396; baseline 0 -20"><span class='ocrx_word' id='word_1_84' title='bbox 278 1323 418 1377; x_wconf 90' lang='lat' dir='ltr'>rendi</span> <span class='ocrx_word' id='word_1_85' title='bbox 461 1322 688 1392; x_wconf 81' lang='lat' dir='ltr'>suffragii</span> <span class='ocrx_word' id='word_1_86' title='bbox 735 1341 866 1376; x_wconf 81' lang='lat' dir='ltr'>inere</span> <span class='ocrx_word' id='word_1_87' title='bbox 911 1322 1177 1376; x_wconf 86' lang='lat' dir='ltr'>consultivi</span> <span class='ocrx_word' id='word_1_88' title='bbox 1223 1319 1346 1376; x_wconf 89' lang='lat' dir='ltr'>Pius</span> <span class='ocrx_word' id='word_1_89' title='bbox 1393 1319 1466 1375; x_wconf 83' lang='lat' dir='ltr'>IV</span> <span class='ocrx_word' id='word_1_90' title='bbox 1510 1322 1802 1396; x_wconf 87' lang='lat' dir='ltr'>impertivit.</span> 
     </span>
    </p>

    <p class='ocr_par' dir='ltr' id='par_1_5' title="bbox 276 1415 2011 3002">
     <span class='ocr_line' id='line_1_14' title="bbox 359 1415 2004 1489; baseline -0.001 -19"><span class='ocrx_word' id='word_1_91' title='bbox 359 1415 534 1473; x_wconf 88' lang='lat' dir='ltr'>Tertio</span> <span class='ocrx_word' id='word_1_92' title='bbox 579 1417 792 1489; x_wconf 90' lang='lat' dir='ltr'>denique</span> <span class='ocrx_word' id='word_1_93' title='bbox 836 1416 945 1471; x_wconf 92' lang='lat' dir='ltr'>loco</span> <span class='ocrx_word' id='word_1_94' title='bbox 990 1416 1360 1488; x_wconf 65' lang='lat' dir='ltr'>quaerebatur„</span> <span class='ocrx_word' id='word_1_95' title='bbox 1405 1435 1652 1489; x_wconf 87' lang='lat' dir='ltr'>quaenam</span> <span class='ocrx_word' id='word_1_96' title='bbox 1696 1419 1760 1472; x_wconf 92' lang='lat' dir='ltr'>sit</span> <span class='ocrx_word' id='word_1_97' title='bbox 1803 1415 2004 1484; x_wconf 77' lang='lat' dir='ltr'>forma,</span> 
     </span>
     <span class='ocr_line' id='line_1_15' title="bbox 281 1508 2004 1567; baseline -0.001 0"><span class='ocrx_word' id='word_1_98' title='bbox 281 1513 386 1567; x_wconf 88' lang='lat' dir='ltr'>sive</span> <span class='ocrx_word' id='word_1_99' title='bbox 432 1511 610 1567; x_wconf 91' lang='lat' dir='ltr'>modus</span> <span class='ocrx_word' id='word_1_100' title='bbox 639 1513 688 1565; x_wconf 92' lang='lat' dir='ltr'>in</span> <span class='ocrx_word' id='word_1_101' title='bbox 728 1509 973 1566; x_wconf 87' lang='lat' dir='ltr'>Conciliis</span> <span class='ocrx_word' id='word_1_102' title='bbox 1018 1511 1265 1566; x_wconf 87' lang='lat' dir='ltr'>habendis</span> <span class='ocrx_word' id='word_1_103' title='bbox 1310 1511 1672 1566; x_wconf 85' lang='lat' dir='ltr'>observandus.</span> <span class='ocrx_word' id='word_1_104' title='bbox 1728 1508 1843 1565; x_wconf 88' lang='lat' dir='ltr'>Jam</span> <span class='ocrx_word' id='word_1_105' title='bbox 1889 1530 2004 1566; x_wconf 88' lang='lat' dir='ltr'>vero</span> 
     </span>
     <span class='ocr_line' id='line_1_16' title="bbox 280 1603 2003 1679; baseline -0.001 -18"><span class='ocrx_word' id='word_1_106' title='bbox 280 1607 522 1662; x_wconf 89' lang='lat' dir='ltr'>canonica</span> <span class='ocrx_word' id='word_1_107' title='bbox 585 1605 872 1660; x_wconf 87' lang='lat' dir='ltr'>celebrandi</span> <span class='ocrx_word' id='word_1_108' title='bbox 936 1603 1152 1661; x_wconf 86' lang='lat' dir='ltr'>Concilii</span> <span class='ocrx_word' id='word_1_109' title='bbox 1215 1605 1378 1660; x_wconf 88' lang='lat' dir='ltr'>forma</span> <span class='ocrx_word' id='word_1_110' title='bbox 1440 1606 1491 1658; x_wconf 89' lang='lat' dir='ltr'>in</span> <span class='ocrx_word' id='word_1_111' title='bbox 1552 1625 1610 1661; x_wconf 93' lang='lat' dir='ltr'>eo</span> <span class='ocrx_word' id='word_1_112' title='bbox 1672 1606 1834 1679; x_wconf 90' lang='lat' dir='ltr'>posita</span> <span class='ocrx_word' id='word_1_113' title='bbox 1897 1617 2003 1660; x_wconf 86' lang='lat' dir='ltr'>est:</span> 
     </span>
     <span class='ocr_line' id='line_1_17' title="bbox 282 1698 2007 1774; baseline -0.001 -20"><span class='ocrx_word' id='word_1_114' title='bbox 282 1698 364 1757; x_wconf 90' lang='lat' dir='ltr'>1.O</span> <span class='ocrx_word' id='word_1_115' title='bbox 412 1700 478 1754; x_wconf 91' lang='lat' dir='ltr'>Ut</span> <span class='ocrx_word' id='word_1_116' title='bbox 539 1703 602 1756; x_wconf 89' lang='lat' dir='ltr'>sit</span> <span class='ocrx_word' id='word_1_117' title='bbox 662 1701 868 1755; x_wconf 85' lang='lat' dir='ltr'>libertas</span> <span class='ocrx_word' id='word_1_118' title='bbox 929 1702 980 1754; x_wconf 88' lang='lat' dir='ltr'>in</span> <span class='ocrx_word' id='word_1_119' title='bbox 1041 1700 1286 1771; x_wconf 73' lang='lat' dir='ltr'>judiciis3</span> <span class='ocrx_word' id='word_1_120' title='bbox 1343 1712 1451 1754; x_wconf 87' lang='lat' dir='ltr'>acta</span> <span class='ocrx_word' id='word_1_121' title='bbox 1507 1702 1640 1755; x_wconf 92' lang='lat' dir='ltr'>enim</span> <span class='ocrx_word' id='word_1_122' title='bbox 1683 1720 1772 1774; x_wconf 88' lang='lat' dir='ltr'>per</span> <span class='ocrx_word' id='word_1_123' title='bbox 1815 1702 1917 1754; x_wconf 89' lang='lat' dir='ltr'>vim</span> <span class='ocrx_word' id='word_1_124' title='bbox 1961 1711 2007 1753; x_wconf 93' lang='lat' dir='ltr'>et</span> 
     </span>
     <span class='ocr_line' id='line_1_18' title="bbox 280 1793 2003 1870; baseline -0.001 -21"><span class='ocrx_word' id='word_1_125' title='bbox 280 1808 466 1850; x_wconf 90' lang='lat' dir='ltr'>metum</span> <span class='ocrx_word' id='word_1_126' title='bbox 509 1797 619 1870; x_wconf 89' lang='lat' dir='ltr'>ipso</span> <span class='ocrx_word' id='word_1_127' title='bbox 662 1797 771 1866; x_wconf 85' lang='lat' dir='ltr'>jure</span> <span class='ocrx_word' id='word_1_128' title='bbox 816 1807 928 1850; x_wconf 89' lang='lat' dir='ltr'>sunt</span> <span class='ocrx_word' id='word_1_129' title='bbox 972 1796 1133 1850; x_wconf 85' lang='lat' dir='ltr'>irrita.</span> <span class='ocrx_word' id='word_1_130' title='bbox 1186 1794 1317 1850; x_wconf 90' lang='lat' dir='ltr'>Hinc</span> <span class='ocrx_word' id='word_1_131' title='bbox 1362 1793 1647 1850; x_wconf 85' lang='lat' dir='ltr'>Concilium</span> <span class='ocrx_word' id='word_1_132' title='bbox 1691 1794 2003 1869; x_wconf 87' lang='lat' dir='ltr'>Ephesinum</span> 
     </span>
     <span class='ocr_line' id='line_1_19' title="bbox 282 1888 2000 1963; baseline 0.001 -20"><span class='ocrx_word' id='word_1_133' title='bbox 282 1889 350 1959; x_wconf 75' lang='grc' dir='ltr'>ΙΙ,</span> <span class='ocrx_word' id='word_1_134' title='bbox 395 1892 446 1944; x_wconf 91' lang='lat' dir='ltr'>in</span> <span class='ocrx_word' id='word_1_135' title='bbox 490 1910 590 1963; x_wconf 90' lang='lat' dir='ltr'>quo</span> <span class='ocrx_word' id='word_1_136' title='bbox 635 1892 877 1945; x_wconf 87' lang='lat' dir='ltr'>sententia</span> <span class='ocrx_word' id='word_1_137' title='bbox 904 1911 930 1945; x_wconf 90' lang='lat' dir='ltr'>a</span> <span class='ocrx_word' id='word_1_138' title='bbox 959 1888 1205 1945; x_wconf 88' lang='lat' dir='ltr'>Dioscoro</span> <span class='ocrx_word' id='word_1_139' title='bbox 1251 1902 1374 1958; x_wconf 77' lang='lat' dir='ltr'>arte,</span> <span class='ocrx_word' id='word_1_140' title='bbox 1418 1891 1590 1959; x_wconf 75' lang='lat' dir='ltr'>miniS‚</span> <span class='ocrx_word' id='word_1_141' title='bbox 1633 1901 1679 1944; x_wconf 88' lang='lat' dir='ltr'>et</span> <span class='ocrx_word' id='word_1_142' title='bbox 1724 1890 2000 1944; x_wconf 87' lang='lat' dir='ltr'>terroribus</span> 
     </span>
     <span class='ocr_line' id='line_1_20' title="bbox 282 1984 2009 2059; baseline -0.001 -20"><span class='ocrx_word' id='word_1_143' title='bbox 282 1996 477 2040; x_wconf 80' lang='lat' dir='ltr'>extorta</span> <span class='ocrx_word' id='word_1_144' title='bbox 527 1997 619 2054; x_wconf 68' lang='lat' dir='ltr'>est,</span> <span class='ocrx_word' id='word_1_145' title='bbox 665 1984 901 2056; x_wconf 70' lang='lat' dir='ltr'>Synodus</span> <span class='ocrx_word' id='word_1_146' title='bbox 947 1985 1289 2059; x_wconf 72' lang='lat' dir='ltr'>praedatoria,</span> <span class='ocrx_word' id='word_1_147' title='bbox 1334 1985 1667 2053; x_wconf 71' lang='lat' dir='ltr'>latrocinalis,</span> <span class='ocrx_word' id='word_1_148' title='bbox 1711 1996 1757 2040; x_wconf 92' lang='lat' dir='ltr'>et</span> <span class='ocrx_word' id='word_1_149' title='bbox 1804 1984 2009 2039; x_wconf 90' lang='lat' dir='ltr'>latroci-</span> 
     </span>
     <span class='ocr_line' id='line_1_21' title="bbox 283 2077 2008 2154; baseline 0 -22"><span class='ocrx_word' id='word_1_150' title='bbox 283 2082 419 2134; x_wconf 89' lang='lat' dir='ltr'>nium</span> <span class='ocrx_word' id='word_1_151' title='bbox 466 2080 763 2154; x_wconf 87' lang='lat' dir='ltr'>appellatur.</span> <span class='ocrx_word' id='word_1_152' title='bbox 822 2077 904 2134; x_wconf 62' lang='lat'>20</span> <span class='ocrx_word' id='word_1_153' title='bbox 950 2079 1108 2133; x_wconf 85' lang='lat' dir='ltr'>Fraus</span> <span class='ocrx_word' id='word_1_154' title='bbox 1154 2082 1316 2135; x_wconf 89' lang='lat' dir='ltr'>omnis</span> <span class='ocrx_word' id='word_1_155' title='bbox 1361 2079 1535 2134; x_wconf 88' lang='lat' dir='ltr'>abesse</span> <span class='ocrx_word' id='word_1_156' title='bbox 1579 2079 1759 2134; x_wconf 90' lang='lat' dir='ltr'>debet:</span> <span class='ocrx_word' id='word_1_157' title='bbox 1805 2099 1903 2152; x_wconf 87' lang='lat' dir='ltr'>qua</span> <span class='ocrx_word' id='word_1_158' title='bbox 1947 2078 2008 2132; x_wconf 90' lang='lat' dir='ltr'>de</span> 
     </span>
     <span class='ocr_line' id='line_1_22' title="bbox 283 2172 2007 2247; baseline -0.001 -18"><span class='ocrx_word' id='word_1_159' title='bbox 283 2193 335 2229; x_wconf 88' lang='lat' dir='ltr'>re</span> <span class='ocrx_word' id='word_1_160' title='bbox 378 2173 556 2228; x_wconf 88' lang='lat' dir='ltr'>Patres</span> <span class='ocrx_word' id='word_1_161' title='bbox 601 2173 945 2229; x_wconf 82' lang='lat' dir='ltr'>Ariminenses</span> <span class='ocrx_word' id='word_1_162' title='bbox 990 2176 1061 2229; x_wconf 92' lang='lat' dir='ltr'>sic</span> <span class='ocrx_word' id='word_1_163' title='bbox 1106 2175 1362 2247; x_wconf 86' lang='lat' dir='ltr'>loquentes</span> <span class='ocrx_word' id='word_1_164' title='bbox 1413 2173 1606 2228; x_wconf 88' lang='lat' dir='ltr'>inducit</span> <span class='ocrx_word' id='word_1_165' title='bbox 1668 2172 2007 2245; x_wconf 83' lang='lat' dir='ltr'>Hieronymus</span> 
     </span>
     <span class='ocr_line' id='line_1_23' title="bbox 283 2266 2008 2339; baseline -0.002 -16"><span class='ocrx_word' id='word_1_166' title='bbox 283 2269 524 2323; x_wconf 88' lang='lat' dir='ltr'>adversus</span> <span class='ocrx_word' id='word_1_167' title='bbox 568 2266 952 2323; x_wconf 86' lang='lat' dir='ltr'>Luciferianos:</span> <span class='ocrx_word' id='word_1_168' title='bbox 1007 2268 1306 2322; x_wconf 77' lang='lat' dir='ltr'>Putavimus</span> <span class='ocrx_word' id='word_1_169' title='bbox 1350 2288 1552 2322; x_wconf 79' lang='lat' dir='ltr'>sensum</span> <span class='ocrx_word' id='word_1_170' title='bbox 1585 2287 1863 2339; x_wconf 62' lang='lat' dir='ltr'>congruere</span> <span class='ocrx_word' id='word_1_171' title='bbox 1892 2287 2008 2321; x_wconf 72' lang='lat' dir='ltr'>cum</span> 
     </span>
     <span class='ocr_line' id='line_1_24' title="bbox 283 2362 2009 2435; baseline -0.001 -18"><span class='ocrx_word' id='word_1_172' title='bbox 283 2363 482 2428; x_wconf 69' lang='lat' dir='ltr'>verbis‚</span> <span class='ocrx_word' id='word_1_173' title='bbox 529 2382 616 2416; x_wconf 73' lang='lat' dir='ltr'>nec</span> <span class='ocrx_word' id='word_1_174' title='bbox 657 2362 712 2416; x_wconf 81' lang='lat' dir='ltr'>in</span> <span class='ocrx_word' id='word_1_175' title='bbox 756 2363 983 2417; x_wconf 73' lang='lat' dir='ltr'>Ecclesia</span> <span class='ocrx_word' id='word_1_176' title='bbox 1030 2363 1162 2429; x_wconf 72' lang='lat' dir='ltr'>Dei,</span> <span class='ocrx_word' id='word_1_177' title='bbox 1211 2362 1294 2416; x_wconf 80' lang='lat' dir='ltr'>ubi</span> <span class='ocrx_word' id='word_1_178' title='bbox 1343 2362 1680 2435; x_wconf 70' lang='lat' dir='ltr'>simplicitas,</span> <span class='ocrx_word' id='word_1_179' title='bbox 1736 2362 1824 2417; x_wconf 80' lang='lat' dir='ltr'>ubi</span> <span class='ocrx_word' id='word_1_180' title='bbox 1867 2380 2009 2433; x_wconf 78' lang='lat' dir='ltr'>pura</span> 
     </span>
     <span class='ocr_line' id='line_1_25' title="bbox 284 2453 2008 2522; baseline -0.001 -13"><span class='ocrx_word' id='word_1_181' title='bbox 284 2475 372 2509; x_wconf 76' lang='lat' dir='ltr'>con</span> <span class='ocrx_word' id='word_1_182' title='bbox 402 2457 526 2509; x_wconf 79' lang='lat' dir='ltr'>essio</span> <span class='ocrx_word' id='word_1_183' title='bbox 571 2466 662 2522; x_wconf 59' lang='lat' dir='ltr'>escj</span> <span class='ocrx_word' id='word_1_184' title='bbox 691 2455 837 2508; x_wconf 75' lang='lat' dir='ltr'>uliud</span> <span class='ocrx_word' id='word_1_185' title='bbox 878 2456 932 2509; x_wconf 76' lang='lat' dir='ltr'>in</span> <span class='ocrx_word' id='word_1_186' title='bbox 975 2457 1124 2509; x_wconf 79' lang='lat' dir='ltr'>corde</span> <span class='ocrx_word' id='word_1_187' title='bbox 1168 2457 1397 2510; x_wconf 74' lang='lat' dir='ltr'>clausum</span> <span class='ocrx_word' id='word_1_188' title='bbox 1441 2475 1562 2522; x_wconf 69' lang='lat' dir='ltr'>esse,</span> <span class='ocrx_word' id='word_1_189' title='bbox 1590 2455 1737 2509; x_wconf 76' lang='lat' dir='ltr'>uliud</span> <span class='ocrx_word' id='word_1_190' title='bbox 1765 2456 1819 2508; x_wconf 79' lang='lat' dir='ltr'>in</span> <span class='ocrx_word' id='word_1_191' title='bbox 1860 2453 2008 2508; x_wconf 73' lang='lat' dir='ltr'>labiis</span> 
     </span>
     <span class='ocr_line' id='line_1_26' title="bbox 276 2549 2006 2622; baseline 0.001 -19"><span class='ocrx_word' id='word_1_192' title='bbox 276 2549 507 2622; x_wconf 69' lang='lat' dir='ltr'>proferri</span> <span class='ocrx_word' id='word_1_193' title='bbox 548 2549 829 2604; x_wconf 75' lang='lat' dir='ltr'>timuimus,</span> <span class='ocrx_word' id='word_1_194' title='bbox 879 2550 1082 2622; x_wconf 72' lang='lat' dir='ltr'>Decepit</span> <span class='ocrx_word' id='word_1_195' title='bbox 1126 2570 1214 2604; x_wconf 71' lang='lat' dir='ltr'>nos</span> <span class='ocrx_word' id='word_1_196' title='bbox 1257 2552 1387 2605; x_wconf 80' lang='lat' dir='ltr'>bona</span> <span class='ocrx_word' id='word_1_197' title='bbox 1425 2552 1485 2604; x_wconf 79' lang='lat' dir='ltr'>(le</span> <span class='ocrx_word' id='word_1_198' title='bbox 1522 2550 1669 2604; x_wconf 72' lang='lat' dir='ltr'>inuiis</span> <span class='ocrx_word' id='word_1_199' title='bbox 1702 2549 2006 2605; x_wconf 54' lang='lat' dir='ltr'>aestimati&amp;</span> 
     </span>
     <span class='ocr_line' id='line_1_27' title="bbox 288 2642 2008 2716; baseline 0.002 -21"><span class='ocrx_word' id='word_1_200' title='bbox 288 2643 370 2701; x_wconf 78' lang='lat'>3.⁰</span> <span class='ocrx_word' id='word_1_201' title='bbox 430 2644 693 2700; x_wconf 87' lang='lat' dir='ltr'>Sufficiens</span> <span class='ocrx_word' id='word_1_202' title='bbox 753 2664 998 2699; x_wconf 77' lang='lat' dir='ltr'>examen:</span> <span class='ocrx_word' id='word_1_203' title='bbox 1062 2648 1133 2699; x_wconf 88' lang='lat' dir='ltr'>sic</span> <span class='ocrx_word' id='word_1_204' title='bbox 1197 2648 1330 2699; x_wconf 89' lang='lat' dir='ltr'>enim</span> <span class='ocrx_word' id='word_1_205' title='bbox 1391 2647 1603 2716; x_wconf 83' lang='lat' dir='ltr'>legimus</span> <span class='ocrx_word' id='word_1_206' title='bbox 1665 2647 1715 2699; x_wconf 93' lang='lat' dir='ltr'>in</span> <span class='ocrx_word' id='word_1_207' title='bbox 1777 2642 2008 2699; x_wconf 86' lang='lat' dir='ltr'>Concilio</span> 
     </span>
     <span class='ocr_line' id='line_1_28' title="bbox 288 2736 2008 2813; baseline 0 -21"><span class='ocrx_word' id='word_1_208' title='bbox 288 2739 644 2812; x_wconf 78' lang='lat' dir='ltr'>Apostolorum</span> <span class='ocrx_word' id='word_1_209' title='bbox 690 2758 926 2809; x_wconf 81' lang='lat' dir='ltr'>magnam</span> <span class='ocrx_word' id='word_1_210' title='bbox 970 2739 1379 2813; x_wconf 84' lang='lat' dir='ltr'>disquisitionem</span> <span class='ocrx_word' id='word_1_211' title='bbox 1423 2740 1607 2793; x_wconf 88' lang='lat' dir='ltr'>factam</span> <span class='ocrx_word' id='word_1_212' title='bbox 1652 2758 1775 2794; x_wconf 90' lang='lat' dir='ltr'>esse.</span> <span class='ocrx_word' id='word_1_213' title='bbox 1831 2736 2008 2811; x_wconf 84' lang='lat' dir='ltr'>Neque</span> 
     </span>
     <span class='ocr_line' id='line_1_29' title="bbox 285 2832 2010 2906; baseline -0.001 -20"><span class='ocrx_word' id='word_1_214' title='bbox 285 2835 416 2887; x_wconf 87' lang='lat' dir='ltr'>enim</span> <span class='ocrx_word' id='word_1_215' title='bbox 452 2833 705 2889; x_wconf 83' lang='lat' dir='ltr'>Ecclesiae</span> <span class='ocrx_word' id='word_1_216' title='bbox 751 2834 873 2888; x_wconf 87' lang='lat' dir='ltr'>fiunt</span> <span class='ocrx_word' id='word_1_217' title='bbox 899 2852 1056 2889; x_wconf 83' lang='lat' dir='ltr'>novae</span> <span class='ocrx_word' id='word_1_218' title='bbox 1087 2834 1432 2902; x_wconf 73' lang='lat' dir='ltr'>revelationes,</span> <span class='ocrx_word' id='word_1_219' title='bbox 1462 2833 1549 2887; x_wconf 88' lang='lat' dir='ltr'>sed</span> <span class='ocrx_word' id='word_1_220' title='bbox 1582 2832 1714 2887; x_wconf 92' lang='lat' dir='ltr'>Deus</span> <span class='ocrx_word' id='word_1_221' title='bbox 1756 2834 2010 2906; x_wconf 88' lang='lat' dir='ltr'>pollicitus</span> 
     </span>
     <span class='ocr_line' id='line_1_30' title="bbox 285 2927 2011 3002; baseline 0 -22"><span class='ocrx_word' id='word_1_222' title='bbox 285 2938 356 2981; x_wconf 88' lang='lat' dir='ltr'>est</span> <span class='ocrx_word' id='word_1_223' title='bbox 394 2927 556 2982; x_wconf 89' lang='lat' dir='ltr'>eidem</span> <span class='ocrx_word' id='word_1_224' title='bbox 601 2927 857 2983; x_wconf 87' lang='lat' dir='ltr'>Ecclesiae</span> <span class='ocrx_word' id='word_1_225' title='bbox 902 2928 1212 3002; x_wconf 87' lang='lat' dir='ltr'>praesidium</span> <span class='ocrx_word' id='word_1_226' title='bbox 1258 2947 1421 2996; x_wconf 76' lang='lat' dir='ltr'>suum,</span> <span class='ocrx_word' id='word_1_227' title='bbox 1467 2946 1527 2982; x_wconf 90' lang='lat' dir='ltr'>ne</span> <span class='ocrx_word' id='word_1_228' title='bbox 1570 2946 1791 2999; x_wconf 90' lang='lat' dir='ltr'>unquam</span> <span class='ocrx_word' id='word_1_229' title='bbox 1834 2928 1884 2981; x_wconf 90' lang='lat' dir='ltr'>in</span> <span class='ocrx_word' id='word_1_230' title='bbox 1931 2945 2011 2981; x_wconf 92' lang='lat' dir='ltr'>ve-</span> 
     </span>
    </p>
   </div>
  </div>
 </body>
</html>
