2114 3289
310 150 419 202 138
467 165 559 201 Lm.
581 164 633 200 11.
665 164 711 199 c.
734 162 768 197 1.
799 161 858 196 DE
885 160 934 196 n.
958 160 1226 196 Pon‘rmce
1253 160 1423 204 muso.
1449 159 1786 197 ADJUTORIBUS

306 268 453 337 Quae
495 266 698 341 quidem
741 264 912 319 omnia
945 263 1108 334 magis
1152 263 1320 319 favent
1369 260 1693 321 Summorum
1734 257 1948 320 Pontifi-

229 383 341 419 cum
383 362 600 434 juribuS,
645 376 798 431 quam
839 358 911 412 eis
955 355 1140 413 obsint.

289 535 338 582 Si
375 533 446 578 fas
470 538 539 577 est
563 537 722 588 aperte
747 529 903 576 dicere
940 528 1064 587 quod
1101 529 1348 583 sentimuS,
1385 528 1772 588 quotiescumque
1801 528 1959 587 agitur

221 616 277 662 de
316 613 481 672 quavis
517 611 856 665 reservatione,
894 622 985 667 qua
1034 608 1283 656 facultates
1332 609 1669 667 Episcoporum
1711 615 1960 655 coarctan-

221 705 296 744 tur
332 697 381 741 in
418 695 576 740 animo
615 701 713 739 tum
751 693 1026 739 Pontificum
1064 699 1162 738 tum
1210 693 1549 750 Episcoporum
1598 693 1731 748 quasi
1778 691 1959 737 inscul-

222 784 301 835 pta
340 788 440 821 esse
477 780 718 833 oporteret
753 775 867 819 haec
905 774 1029 818 Petri
1066 772 1290 818 Ballerini
1340 773 1479 817 verba
1517 772 1565 816 in
1604 772 1788 818 Vindic-
1827 777 1952 817 auct.

222 857 395 904 Pontis.
433 870 538 915 cap.
577 856 604 900 4
645 870 690 901 n.
730 855 757 899 4
796 856 956 913 magni
993 854 1183 900 consilii
1233 861 1278 900 et
1327 853 1605 912 prudentiae
1655 853 1813 911 plena:
1852 853 1958 899 Non

219 937 380 984 debent
414 935 597 998 quidem
634 935 884 999 Pontifices
916 934 1097 996 passim
1131 947 1185 980 ac
1221 941 1386 980 temere
1431 932 1764 994 Episcoporum
1806 932 1961 994 facul-

222 1026 358 1073 tates,
395 1025 438 1065 et
467 1018 587 1080 jura
624 1018 789 1079 quavis
824 1014 878 1063 de
912 1030 1054 1062 causa
1089 1013 1370 1071 diminuere,
1409 1014 1638 1071 limitare,
1674 1013 1851 1075 sibique
1884 1021 1962 1060 at·-

223 1098 450 1146 tribuere:
491 1097 542 1144 id
575 1098 698 1144 enim
736 1097 788 1144 in
821 1097 1062 1159 publicum
1097 1095 1340 1154 damnum,
1377 1102 1421 1142 et
1463 1109 1682 1155 maqnam
1728 1094 1964 1141 Ecclesia-

222 1195 328 1227 rum
358 1179 761 1243 perturbationem
796 1177 1071 1242 deflecteret.
1097 1178 1157 1224 At
1193 1177 1235 1224 si
1270 1192 1413 1225 causa
1448 1176 1576 1222 iusta
1612 1182 1848 1233 occurrat,
1871 1191 1963 1238 qua

222 1262 338 1309 utile
373 1261 444 1308 vel
481 1261 794 1308 necessarium
828 1259 944 1306 bono
973 1259 1161 1321 publico
1187 1258 1408 1321 judicent
1437 1256 1622 1319 aliquid
1657 1257 1747 1304 tale
1770 1254 1962 1320 efficere,

225 1343 371 1390 sibit-e
407 1342 636 1388 nonnulla
684 1356 942 1400 reservare,
980 1340 1084 1402 quis
1119 1338 1170 1385 id
1219 1339 1499 1403 Pontificiae
1547 1353 1787 1400 supremae
1831 1345 1966 1400 pote-

222 1423 337 1470 stati
372 1438 537 1484 neqare
575 1417 794 1469 auserit?
829 1421 1062 1468 Ecclesiae
1099 1428 1216 1467 certe
1265 1420 1433 1468 bonum
1477 1425 1519 1466 et
1568 1419 1806 1466 naturalis
1853 1416 1965 1465 ordo

218 1504 480 1567 postulant,
519 1519 574 1550 ne
611 1503 852 1549 Primatui
888 1502 1031 1547 totius
1081 1501 1313 1548 Ecclesiae
1349 1500 1458 1547 haec
1502 1507 1709 1561 potestas
1745 1500 1796 1546 in
1837 1499 1966 1562 ipsas

223 1584 559 1645 Episcoporum
595 1580 844 1643 facultates
880 1587 1089 1641 neqetur.
1125 1580 1278 1635 Quum
1312 1578 1437 1626 enim
1471 1578 1693 1641 Episcopi
1729 1593 1832 1625 cum
1866 1578 1966 1624 suis

224 1663 532 1725 facultatibus
593 1662 808 1708 instituti
858 1660 1041 1722 fuerint
1087 1677 1117 1707 a
1166 1660 1348 1708 Christo
1395 1659 1449 1706 in
1496 1660 1664 1706 bonum
1711 1657 1966 1716 Ecclesiae,

222 1760 318 1791 non
352 1759 459 1791 vero
496 1743 704 1790 Ecclesia
739 1742 792 1789 in
840 1742 1196 1804 Episcoporum,
1232 1741 1282 1787 hi
1330 1740 1555 1796 utilitati,
1590 1739 1661 1787 vel
1696 1739 1966 1786 necessitati

225 1825 459 1872 Ecclesiae
495 1826 565 1871 ita
601 1823 762 1871 debent
798 1822 1001 1881 studere,
1040 1830 1092 1869 ut
1127 1838 1222 1869 non
1269 1821 1430 1883 inique
1479 1820 1659 1883 ferant,
1696 1820 1739 1867 si
1773 1834 1835 1867 ea:
1869 1820 1970 1867 uti-

227 1906 360 1954 litate
395 1905 466 1953 vel
500 1905 772 1952 necessitate
809 1903 1011 1966 ejusdem
1048 1904 1282 1951 Ecclesiae
1317 1902 1497 1964 aliquot
1540 1901 1821 1963 facultatum
1856 1916 1969 1947 sua-

223 2002 329 2034 rum
363 1987 728 2043 restrictionem,
779 1984 1163 2045 moderationem,
1215 1991 1299 2032 aut
1344 1983 1707 2031 reservationem
1754 1997 1968 2045 suprema

224 2076 429 2132 potestas
466 2068 732 2130 faciendam
769 2068 1017 2116 censuerit.

1008 2227 1052 2304 g,
1101 2236 1193 2289 35.

541 2370 614 2415 DE
652 2369 791 2415 JURE
829 2369 1204 2416 CONCEDENDI
1241 2367 1656 2415 EXEMPTIONES

318 2530 521 2588 Natalis
566 2529 855 2586 Alexander
897 2531 1098 2587 dissert.
1148 2533 1220 2584 12
1264 2531 1315 2585 in
1359 2529 1543 2587 saecul.
1588 2527 1715 2584 XVI
1749 2527 1810 2583 de
1835 2525 1959 2598 Syn.

241 2625 389 2682 Trid.
435 2638 511 2680 art
559 2627 627 2680 16
686 2644 821 2682 num.
886 2626 980 2694 41,
1043 2626 1273 2697 quamvis
1334 2636 1471 2697 putet
1530 2622 1807 2697 Episcopos
1867 2622 1961 2676 im-

243 2720 462 2774 mediate
507 2740 534 2774 a
596 2719 701 2775 Deo
757 2719 1160 2789 jurisdictionem
1222 2719 1467 2791 accipere,
1528 2729 1745 2771 attamen
1805 2714 1962 2769 Diae-

244 2832 431 2882 ccsum,
476 2815 658 2887 inquit,
701 2812 889 2869 divisio
916 2812 1334 2883 subditorumque
1364 2810 1648 2882 desiqnatio
1673 2827 1706 2863 a
1731 2811 1965 2863 Romano

246 2909 491 2982 Pontifice
527 2909 740 2981 pendet,
784 2908 873 2980 qui
917 2917 962 2963 et
998 2906 1158 2981 justis
1200 2906 1262 2962 de
1305 2905 1470 2961 causis
1511 2904 1860 2959 immunitates
1901 2920 1960 2957 ac
