<?xml version="1.0" encoding="UTF-8"?>
<!DOCTYPE html PUBLIC "-//W3C//DTD XHTML 1.0 Transitional//EN"
    "http://www.w3.org/TR/xhtml1/DTD/xhtml1-transitional.dtd">
<html xmlns="http://www.w3.org/1999/xhtml" xml:lang="en" lang="en">
 <head>
  <title>
</title>
<meta http-equiv="Content-Type" content="text/html;charset=utf-8" />
  <meta name='ocr-system' content='tesseract 3.04.00' />
  <meta name='ocr-capabilities' content='ocr_page ocr_carea ocr_par ocr_line ocrx_word'/>
</head>
<body>
  <div class='ocr_page' id='page_1' title='image "./joanniscardinali00sogl_0067.png"; bbox 0 0 2114 3289; ppageno 0'>
   <div class='ocr_carea' id='block_1_1' title="bbox 0 2850 45 3081">
    <p class='ocr_par' dir='ltr' id='par_1_1' title="bbox 0 2850 45 3081">
     <span class='ocr_line' id='line_1_1' title="bbox 0 2850 45 3081; baseline 0 -19"><span class='ocrx_word' id='word_1_1' title='bbox 0 2850 45 3081; x_wconf 62' lang='lat' dir='ltr'><em>l,</em></span> 
     </span>
    </p>
   </div>
   <div class='ocr_carea' id='block_1_2' title="bbox 633 114 1778 188">
    <p class='ocr_par' dir='ltr' id='par_1_2' title="bbox 633 114 1778 188">
     <span class='ocr_line' id='line_1_2' title="bbox 633 114 1778 188; baseline -0.003 -14"><span class='ocrx_word' id='word_1_2' title='bbox 633 114 679 188; x_wconf 64' lang='lat'><em>§-</em></span> <span class='ocrx_word' id='word_1_3' title='bbox 724 137 837 174; x_wconf 78' lang='lat' dir='ltr'><strong>xxl.</strong></span> <span class='ocrx_word' id='word_1_4' title='bbox 883 137 944 172; x_wconf 82' lang='lat' dir='ltr'><em>DE</em></span> <span class='ocrx_word' id='word_1_5' title='bbox 988 137 1371 174; x_wconf 56' lang='lat' dir='ltr'><em>consumunmt:</em></span> <span class='ocrx_word' id='word_1_6' title='bbox 1708 122 1778 172; x_wconf 81' lang='lat'><em>49</em></span> 
     </span>
    </p>
   </div>
   <div class='ocr_carea' id='block_1_3' title="bbox 121 239 1864 2964">
    <p class='ocr_par' dir='ltr' id='par_1_3' title="bbox 130 239 1864 2017">
     <span class='ocr_line' id='line_1_3' title="bbox 142 239 1861 313; baseline -0.002 -14"><span class='ocrx_word' id='word_1_7' title='bbox 142 245 332 299; x_wconf 87' lang='lat' dir='ltr'><em>cunctis</em></span> <span class='ocrx_word' id='word_1_8' title='bbox 375 241 631 311; x_wconf 81' lang='lat' dir='ltr'><em>suffragiis</em></span> <span class='ocrx_word' id='word_1_9' title='bbox 674 241 744 294; x_wconf 87' lang='lat' dir='ltr'><em>ita</em></span> <span class='ocrx_word' id='word_1_10' title='bbox 788 241 1077 313; x_wconf 81' lang='lat' dir='ltr'>rescripsit:</span> <span class='ocrx_word' id='word_1_11' title='bbox 1129 239 1455 294; x_wconf 83' lang='lat' dir='ltr'><em>Unanimiter</em></span> <span class='ocrx_word' id='word_1_12' title='bbox 1497 239 1861 311; x_wconf 74' lang='lat' dir='ltr'><em>respondemus</em></span> 
     </span>
     <span class='ocr_line' id='line_1_4' title="bbox 141 333 1863 408; baseline -0.001 -19"><span class='ocrx_word' id='word_1_13' title='bbox 141 355 243 389; x_wconf 82' lang='lat' dir='ltr'><em>non</em></span> <span class='ocrx_word' id='word_1_14' title='bbox 277 353 462 408; x_wconf 79' lang='lat' dir='ltr'><em>posse:</em></span> <span class='ocrx_word' id='word_1_15' title='bbox 506 334 593 388; x_wconf 88' lang='lat' dir='ltr'><em>sed</em></span> <span class='ocrx_word' id='word_1_16' title='bbox 627 352 727 406; x_wconf 83' lang='lat' dir='ltr'><em>pro</em></span> <span class='ocrx_word' id='word_1_17' title='bbox 770 333 1106 404; x_wconf 80' lang='lat' dir='ltr'><em>acquisitione</em></span> <span class='ocrx_word' id='word_1_18' title='bbox 1151 333 1408 388; x_wconf 85' lang='lat' dir='ltr'><em>territorii</em></span> <span class='ocrx_word' id='word_1_19' title='bbox 1438 333 1687 405; x_wconf 58' lang='lat' dir='ltr'><em>separati³</em></span> <span class='ocrx_word' id='word_1_20' title='bbox 1710 350 1863 404; x_wconf 80' lang='lat' dir='ltr'><em>prae-</em></span> 
     </span>
     <span class='ocr_line' id='line_1_5' title="bbox 141 429 1864 503; baseline -0.003 -17"><span class='ocrx_word' id='word_1_21' title='bbox 141 433 403 501; x_wconf 79' lang='lat' dir='ltr'><em>dictaeque</em></span> <span class='ocrx_word' id='word_1_22' title='bbox 456 429 848 503; x_wconf 82' lang='lat' dir='ltr'><em>jurisdictionis</em></span> <span class='ocrx_word' id='word_1_23' title='bbox 910 429 1120 482; x_wconf 83' lang='lat' dir='ltr'><em>omnino</em></span> <span class='ocrx_word' id='word_1_24' title='bbox 1178 430 1378 500; x_wconf 77' lang='lat' dir='ltr'><strong><em>requiri</em></strong></span> <span class='ocrx_word' id='word_1_25' title='bbox 1437 439 1529 483; x_wconf 85' lang='lat' dir='ltr'><em>aut</em></span> <span class='ocrx_word' id='word_1_26' title='bbox 1571 429 1773 483; x_wconf 64' lang='lat' dir='ltr'><em>clatum</em></span> <span class='ocrx_word' id='word_1_27' title='bbox 1818 440 1864 482; x_wconf 90' lang='lat' dir='ltr'><em>et</em></span> 
     </span>
     <span class='ocr_line' id='line_1_6' title="bbox 138 523 1862 596; baseline -0.002 -18"><span class='ocrx_word' id='word_1_28' title='bbox 138 526 476 596; x_wconf 76' lang='lat' dir='ltr'><em>undequaque</em></span> <span class='ocrx_word' id='word_1_29' title='bbox 516 524 787 578; x_wconf 75' lang='lat' dir='ltr'><em>subsistens</em></span> <span class='ocrx_word' id='word_1_30' title='bbox 830 523 1160 596; x_wconf 74' lang='lat' dir='ltr'><em>apostolicum</em></span> <span class='ocrx_word' id='word_1_31' title='bbox 1200 523 1569 595; x_wconf 73' lang='lat' dir='ltr'><em>pricileqium,</em></span> <span class='ocrx_word' id='word_1_32' title='bbox 1614 533 1703 575; x_wconf 88' lang='lat' dir='ltr'><em>aut</em></span> <span class='ocrx_word' id='word_1_33' title='bbox 1746 540 1862 575; x_wconf 86' lang='lat' dir='ltr'><em>con-</em></span> 
     </span>
     <span class='ocr_line' id='line_1_7' title="bbox 138 616 1860 688; baseline -0.002 -15"><span class='ocrx_word' id='word_1_34' title='bbox 138 619 461 674; x_wconf 77' lang='lat' dir='ltr'><em>suetudinem</em></span> <span class='ocrx_word' id='word_1_35' title='bbox 503 617 964 672; x_wconf 76' lang='lat' dir='ltr'><em>immemorabilem</em></span> <span class='ocrx_word' id='word_1_36' title='bbox 1006 635 1121 671; x_wconf 84' lang='lat' dir='ltr'><em>eum</em></span> <span class='ocrx_word' id='word_1_37' title='bbox 1164 617 1269 671; x_wconf 86' lang='lat' dir='ltr'><em>suis</em></span> <span class='ocrx_word' id='word_1_38' title='bbox 1313 617 1547 671; x_wconf 86' lang='lat' dir='ltr'><em>omnibus</em></span> <span class='ocrx_word' id='word_1_39' title='bbox 1596 616 1860 688; x_wconf 81' lang='lat' dir='ltr'><em>requisitis</em></span> 
     </span>
     <span class='ocr_line' id='line_1_8' title="bbox 137 712 1858 787; baseline -0.001 -19"><span class='ocrx_word' id='word_1_40' title='bbox 137 714 236 768; x_wconf 85' lang='lat' dir='ltr'><em>rite</em></span> <span class='ocrx_word' id='word_1_41' title='bbox 287 715 562 787; x_wconf 79' lang='lat' dir='ltr'><em>probatam</em></span> <span class='ocrx_word' id='word_1_42' title='bbox 580 757 599 781; x_wconf 56' lang='lat'>2</span> <span class='ocrx_word' id='word_1_43' title='bbox 653 732 750 786; x_wconf 82' lang='lat' dir='ltr'><em>per</em></span> <span class='ocrx_word' id='word_1_44' title='bbox 809 732 964 785; x_wconf 82' lang='lat' dir='ltr'><em>quam</em></span> <span class='ocrx_word' id='word_1_45' title='bbox 1023 713 1361 786; x_wconf 78' lang='lat' dir='ltr'><em>apostolicum</em></span> <span class='ocrx_word' id='word_1_46' title='bbox 1412 713 1753 785; x_wconf 75' lang='lat' dir='ltr'><em>privileqium</em></span> <span class='ocrx_word' id='word_1_47' title='bbox 1796 712 1858 766; x_wconf 88' lang='lat' dir='ltr'><em>de</em></span> 
     </span>
     <span class='ocr_line' id='line_1_9' title="bbox 131 806 1859 882; baseline 0 -21"><span class='ocrx_word' id='word_1_48' title='bbox 131 808 258 882; x_wconf 87' lang='lat' dir='ltr'><em>jure</em></span> <span class='ocrx_word' id='word_1_49' title='bbox 292 809 561 881; x_wconf 78' lang='lat' dir='ltr'><em>praesumi</em></span> <span class='ocrx_word' id='word_1_50' title='bbox 601 808 785 864; x_wconf 77' lang='lat' dir='ltr'><em>valeat.</em></span> <span class='ocrx_word' id='word_1_51' title='bbox 832 806 988 877; x_wconf 82' lang='lat' dir='ltr'><em>Quod</em></span> <span class='ocrx_word' id='word_1_52' title='bbox 1033 808 1237 881; x_wconf 88' lang='lat' dir='ltr'><em>quidem</em></span> <span class='ocrx_word' id='word_1_53' title='bbox 1267 807 1520 865; x_wconf 90' lang='lat' dir='ltr'><em>decretum</em></span> <span class='ocrx_word' id='word_1_54' title='bbox 1549 828 1577 863; x_wconf 88' lang='lat' dir='ltr'><em>a</em></span> <span class='ocrx_word' id='word_1_55' title='bbox 1605 806 1859 863; x_wconf 85' lang='lat' dir='ltr'><em>Clemente</em></span> 
     </span>
     <span class='ocr_line' id='line_1_10' title="bbox 135 901 1858 977; baseline -0.002 -19"><span class='ocrx_word' id='word_1_56' title='bbox 135 901 212 958; x_wconf 89' lang='lat' dir='ltr'><em>XI</em></span> <span class='ocrx_word' id='word_1_57' title='bbox 253 904 520 977; x_wconf 85' lang='lat' dir='ltr'><em>probatum</em></span> <span class='ocrx_word' id='word_1_58' title='bbox 563 903 1032 975; x_wconf 72' lang='lat' dir='ltr'><em>confirmanunque,</em></span> <span class='ocrx_word' id='word_1_59' title='bbox 1060 902 1294 977; x_wconf 81' lang='lat' dir='ltr'><em>deinceps</em></span> <span class='ocrx_word' id='word_1_60' title='bbox 1338 903 1389 957; x_wconf 89' lang='lat' dir='ltr'><em>in</em></span> <span class='ocrx_word' id='word_1_61' title='bbox 1427 903 1533 973; x_wconf 90' lang='lat' dir='ltr'><em>ejus</em></span> <span class='ocrx_word' id='word_1_62' title='bbox 1571 902 1858 957; x_wconf 87' lang='lat' dir='ltr'><em>Bullarium</em></span> 
     </span>
     <span class='ocr_line' id='line_1_11' title="bbox 137 997 1858 1072; baseline -0.001 -19"><span class='ocrx_word' id='word_1_63' title='bbox 137 997 349 1054; x_wconf 88' lang='lat' dir='ltr'><em>relatum</em></span> <span class='ocrx_word' id='word_1_64' title='bbox 391 1011 481 1054; x_wconf 90' lang='lat' dir='ltr'><em>est.</em></span> <span class='ocrx_word' id='word_1_65' title='bbox 526 997 606 1053; x_wconf 76' lang='lat' dir='ltr'><em>Ex</em></span> <span class='ocrx_word' id='word_1_66' title='bbox 648 998 830 1071; x_wconf 85' lang='lat' dir='ltr'><em>quibus</em></span> <span class='ocrx_word' id='word_1_67' title='bbox 875 1000 1189 1072; x_wconf 80' lang='lat' dir='ltr'><em>apertissime</em></span> <span class='ocrx_word' id='word_1_68' title='bbox 1233 999 1389 1070; x_wconf 89' lang='lat' dir='ltr'><em>liquet</em></span> <span class='ocrx_word' id='word_1_69' title='bbox 1422 999 1473 1052; x_wconf 91' lang='lat' dir='ltr'><em>in</em></span> <span class='ocrx_word' id='word_1_70' title='bbox 1500 997 1858 1053; x_wconf 87' lang='lat' dir='ltr'><em>consuetudine</em></span> 
     </span>
     <span class='ocr_line' id='line_1_12' title="bbox 137 1092 1857 1164; baseline -0.001 -16"><span class='ocrx_word' id='word_1_71' title='bbox 137 1094 531 1149; x_wconf 83' lang='lat' dir='ltr'><em>immemorabili</em></span> <span class='ocrx_word' id='word_1_72' title='bbox 592 1112 705 1146; x_wconf 89' lang='lat' dir='ltr'><em>cum</em></span> <span class='ocrx_word' id='word_1_73' title='bbox 766 1092 871 1146; x_wconf 83' lang='lat' dir='ltr'><em>suis</em></span> <span class='ocrx_word' id='word_1_74' title='bbox 914 1093 1148 1147; x_wconf 80' lang='lat' dir='ltr'><em>omnibus</em></span> <span class='ocrx_word' id='word_1_75' title='bbox 1188 1093 1451 1164; x_wconf 79' lang='lat' dir='ltr'><em>requisitis</em></span> <span class='ocrx_word' id='word_1_76' title='bbox 1495 1092 1594 1147; x_wconf 88' lang='lat' dir='ltr'><em>rite</em></span> <span class='ocrx_word' id='word_1_77' title='bbox 1632 1093 1857 1164; x_wconf 75' lang='lat' dir='ltr'><em>probata</em></span> 
     </span>
     <span class='ocr_line' id='line_1_13' title="bbox 133 1187 1857 1262; baseline -0.001 -19"><span class='ocrx_word' id='word_1_78' title='bbox 133 1187 362 1243; x_wconf 85' lang='lat' dir='ltr'><em>eamdem</em></span> <span class='ocrx_word' id='word_1_79' title='bbox 406 1207 562 1260; x_wconf 91' lang='lat' dir='ltr'><em>aeque</em></span> <span class='ocrx_word' id='word_1_80' title='bbox 603 1208 660 1243; x_wconf 92' lang='lat' dir='ltr'><em>ac</em></span> <span class='ocrx_word' id='word_1_81' title='bbox 705 1187 981 1262; x_wconf 86' lang='lat' dir='ltr'><em>apostolico</em></span> <span class='ocrx_word' id='word_1_82' title='bbox 1026 1188 1293 1261; x_wconf 81' lang='lat' dir='ltr'><em>privilegio</em></span> <span class='ocrx_word' id='word_1_83' title='bbox 1337 1187 1478 1241; x_wconf 82' lang='lat' dir='ltr'><em>claro</em></span> <span class='ocrx_word' id='word_1_84' title='bbox 1523 1197 1567 1241; x_wconf 93' lang='lat' dir='ltr'><em>et</em></span> <span class='ocrx_word' id='word_1_85' title='bbox 1592 1187 1857 1257; x_wconf 84' lang='lat' dir='ltr'><em>undequa-</em></span> 
     </span>
     <span class='ocr_line' id='line_1_14' title="bbox 135 1280 1855 1355; baseline 0 -21"><span class='ocrx_word' id='word_1_86' title='bbox 135 1299 230 1352; x_wconf 90' lang='lat' dir='ltr'><em>que</em></span> <span class='ocrx_word' id='word_1_87' title='bbox 289 1283 584 1336; x_wconf 81' lang='lat' dir='ltr'><em>subsistente</em></span> <span class='ocrx_word' id='word_1_88' title='bbox 646 1283 746 1336; x_wconf 86' lang='lat' dir='ltr'><em>vim</em></span> <span class='ocrx_word' id='word_1_89' title='bbox 808 1294 852 1335; x_wconf 91' lang='lat' dir='ltr'><em>et</em></span> <span class='ocrx_word' id='word_1_90' title='bbox 909 1283 1253 1336; x_wconf 89' lang='lat' dir='ltr'><em>efficacitatem</em></span> <span class='ocrx_word' id='word_1_91' title='bbox 1301 1283 1499 1350; x_wconf 73' lang='lat' dir='ltr'><em>inesse,</em></span> <span class='ocrx_word' id='word_1_92' title='bbox 1544 1280 1855 1355; x_wconf 84' lang='lat' dir='ltr'><em>proindeque</em></span> 
     </span>
     <span class='ocr_line' id='line_1_15' title="bbox 136 1375 1855 1449; baseline -0.001 -19"><span class='ocrx_word' id='word_1_93' title='bbox 136 1376 544 1432; x_wconf 83' lang='lat' dir='ltr'><em>consuetudinem</em></span> <span class='ocrx_word' id='word_1_94' title='bbox 588 1375 1041 1430; x_wconf 81' lang='lat' dir='ltr'><em>immemorabilem</em></span> <span class='ocrx_word' id='word_1_95' title='bbox 1085 1394 1174 1449; x_wconf 90' lang='lat' dir='ltr'><em>per</em></span> <span class='ocrx_word' id='word_1_96' title='bbox 1212 1395 1263 1430; x_wconf 90' lang='lat' dir='ltr'><em>se</em></span> <span class='ocrx_word' id='word_1_97' title='bbox 1290 1375 1454 1430; x_wconf 88' lang='lat' dir='ltr'><em>valere</em></span> <span class='ocrx_word' id='word_1_98' title='bbox 1481 1375 1545 1430; x_wconf 89' lang='lat' dir='ltr'><em>ad</em></span> <span class='ocrx_word' id='word_1_99' title='bbox 1573 1375 1855 1444; x_wconf 77' lang='lat' dir='ltr'><em>facultates,</em></span> 
     </span>
     <span class='ocr_line' id='line_1_16' title="bbox 133 1468 1858 1543; baseline -0.001 -19"><span class='ocrx_word' id='word_1_100' title='bbox 133 1469 195 1525; x_wconf 90' lang='lat' dir='ltr'><em>de</em></span> <span class='ocrx_word' id='word_1_101' title='bbox 237 1470 418 1543; x_wconf 88' lang='lat' dir='ltr'><em>quibus</em></span> <span class='ocrx_word' id='word_1_102' title='bbox 462 1471 696 1541; x_wconf 73' lang='lat' dir='ltr'><em>agimus,</em></span> <span class='ocrx_word' id='word_1_103' title='bbox 740 1468 1120 1542; x_wconf 78' lang='lat' dir='ltr'><em>adquirendas3</em></span> <span class='ocrx_word' id='word_1_104' title='bbox 1164 1469 1383 1542; x_wconf 83' lang='lat' dir='ltr'><em>reliquas</em></span> <span class='ocrx_word' id='word_1_105' title='bbox 1430 1489 1544 1524; x_wconf 88' lang='lat' dir='ltr'><em>vero</em></span> <span class='ocrx_word' id='word_1_106' title='bbox 1595 1481 1858 1524; x_wconf 89' lang='lat' dir='ltr'><em>consuetu-</em></span> 
     </span>
     <span class='ocr_line' id='line_1_17' title="bbox 134 1561 1853 1639; baseline 0.001 -21"><span class='ocrx_word' id='word_1_107' title='bbox 134 1564 276 1620; x_wconf 86' lang='lat' dir='ltr'><em>dines</em></span> <span class='ocrx_word' id='word_1_108' title='bbox 336 1567 443 1620; x_wconf 88' lang='lat' dir='ltr'><em>sine</em></span> <span class='ocrx_word' id='word_1_109' title='bbox 502 1565 770 1639; x_wconf 82' lang='lat' dir='ltr'><em>privilegio</em></span> <span class='ocrx_word' id='word_1_110' title='bbox 830 1561 1123 1637; x_wconf 89' lang='lat' dir='ltr'><em>Apostolico</em></span> <span class='ocrx_word' id='word_1_111' title='bbox 1184 1564 1370 1618; x_wconf 89' lang='lat' dir='ltr'><em>nullius</em></span> <span class='ocrx_word' id='word_1_112' title='bbox 1431 1565 1669 1619; x_wconf 87' lang='lat' dir='ltr'><em>momenti</em></span> <span class='ocrx_word' id='word_1_113' title='bbox 1728 1583 1853 1619; x_wconf 88' lang='lat' dir='ltr'><em>esse.</em></span> 
     </span>
     <span class='ocr_line' id='line_1_18' title="bbox 132 1656 1851 1729; baseline 0.001 -17"><span class='ocrx_word' id='word_1_114' title='bbox 132 1661 223 1713; x_wconf 88' lang='lat' dir='ltr'><em>Est</em></span> <span class='ocrx_word' id='word_1_115' title='bbox 264 1670 453 1729; x_wconf 74' lang='lat' dir='ltr'><em>autem,</em></span> <span class='ocrx_word' id='word_1_116' title='bbox 484 1661 555 1714; x_wconf 88' lang='lat' dir='ltr'><em>ait</em></span> <span class='ocrx_word' id='word_1_117' title='bbox 596 1657 898 1714; x_wconf 80' lang='lat' dir='ltr'><em>Benedictus</em></span> <span class='ocrx_word' id='word_1_118' title='bbox 948 1656 1075 1713; x_wconf 86' lang='lat' dir='ltr'><em>XIV</em></span> <span class='ocrx_word' id='word_1_119' title='bbox 1118 1660 1166 1713; x_wconf 91' lang='lat' dir='ltr'><em>in</em></span> <span class='ocrx_word' id='word_1_120' title='bbox 1212 1678 1301 1713; x_wconf 91' lang='lat' dir='ltr'><em>sua</em></span> <span class='ocrx_word' id='word_1_121' title='bbox 1345 1656 1713 1714; x_wconf 84' lang='lat' dir='ltr'><em>Constitutione</em></span> <span class='ocrx_word' id='word_1_122' title='bbox 1759 1662 1851 1713; x_wconf 85' lang='lat'><em>33.</em></span> 
     </span>
     <span class='ocr_line' id='line_1_19' title="bbox 133 1753 1858 1823; baseline -0.001 -14"><span class='ocrx_word' id='word_1_123' title='bbox 133 1753 350 1810; x_wconf 87' lang='lat' dir='ltr'><em>Bullarii</em></span> <span class='ocrx_word' id='word_1_124' title='bbox 391 1767 512 1811; x_wconf 90' lang='lat' dir='ltr'><em>tom.</em></span> <span class='ocrx_word' id='word_1_125' title='bbox 562 1757 643 1823; x_wconf 71' lang='grc'><em>2.,</em></span> <span class='ocrx_word' id='word_1_126' title='bbox 688 1754 748 1808; x_wconf 88' lang='lat' dir='ltr'><em>de</em></span> <span class='ocrx_word' id='word_1_127' title='bbox 794 1754 1007 1808; x_wconf 86' lang='lat' dir='ltr'><em>essentia</em></span> <span class='ocrx_word' id='word_1_128' title='bbox 1058 1753 1483 1808; x_wconf 86' lang='lat' dir='ltr'><em>immemorabilis</em></span> <span class='ocrx_word' id='word_1_129' title='bbox 1533 1753 1858 1807; x_wconf 86' lang='lat' dir='ltr'><em>consuetudi-</em></span> 
     </span>
     <span class='ocr_line' id='line_1_20' title="bbox 131 1848 1854 1919; baseline -0.001 -17"><span class='ocrx_word' id='word_1_130' title='bbox 131 1849 211 1903; x_wconf 84' lang='lat' dir='ltr'><em>nis</em></span> <span class='ocrx_word' id='word_1_131' title='bbox 230 1892 250 1916; x_wconf 59' lang='lat'>2</span> <span class='ocrx_word' id='word_1_132' title='bbox 294 1860 351 1903; x_wconf 90' lang='lat' dir='ltr'><em>ut</em></span> <span class='ocrx_word' id='word_1_133' title='bbox 392 1849 528 1904; x_wconf 78' lang='lat' dir='ltr'><em>nihil</em></span> <span class='ocrx_word' id='word_1_134' title='bbox 568 1860 747 1903; x_wconf 85' lang='lat' dir='ltr'><em>contra</em></span> <span class='ocrx_word' id='word_1_135' title='bbox 790 1868 897 1903; x_wconf 86' lang='lat' dir='ltr'><em>eam</em></span> <span class='ocrx_word' id='word_1_136' title='bbox 941 1849 1180 1903; x_wconf 87' lang='lat' dir='ltr'><em>auditum</em></span> <span class='ocrx_word' id='word_1_137' title='bbox 1221 1866 1489 1919; x_wconf 77' lang='lat' dir='ltr'><em>unquam,</em></span> <span class='ocrx_word' id='word_1_138' title='bbox 1532 1850 1610 1902; x_wconf 52' lang='lat' dir='ltr'><em>‘cel</em></span> <span class='ocrx_word' id='word_1_139' title='bbox 1658 1848 1854 1903; x_wconf 80' lang='lat' dir='ltr'><em>dictum</em></span> 
     </span>
     <span class='ocr_line' id='line_1_21' title="bbox 130 1944 670 2017; baseline 0.004 -19"><span class='ocrx_word' id='word_1_140' title='bbox 130 1956 221 1998; x_wconf 91' lang='lat' dir='ltr'><em>aut</em></span> <span class='ocrx_word' id='word_1_141' title='bbox 259 1944 452 2017; x_wconf 83' lang='lat' dir='ltr'><em>factum</em></span> <span class='ocrx_word' id='word_1_142' title='bbox 491 1944 670 2017; x_wconf 83' lang='lat' dir='ltr'><em>fuerit.</em></span> 
     </span>
    </p>

    <p class='ocr_par' dir='ltr' id='par_1_4' title="bbox 121 2038 1849 2964">
     <span class='ocr_line' id='line_1_22' title="bbox 209 2038 1849 2112; baseline -0.001 -18"><span class='ocrx_word' id='word_1_143' title='bbox 209 2038 308 2095; x_wconf 91' lang='lat' dir='ltr'><em>Hic</em></span> <span class='ocrx_word' id='word_1_144' title='bbox 369 2060 484 2095; x_wconf 87' lang='lat' dir='ltr'><em>vero</em></span> <span class='ocrx_word' id='word_1_145' title='bbox 545 2039 773 2095; x_wconf 88' lang='lat' dir='ltr'><em>nonnulli</em></span> <span class='ocrx_word' id='word_1_146' title='bbox 825 2051 1051 2095; x_wconf 83' lang='lat' dir='ltr'><em>auctores</em></span> <span class='ocrx_word' id='word_1_147' title='bbox 1105 2040 1409 2096; x_wconf 88' lang='lat' dir='ltr'><em>contendunt</em></span> <span class='ocrx_word' id='word_1_148' title='bbox 1450 2041 1501 2094; x_wconf 90' lang='lat' dir='ltr'><em>in</em></span> <span class='ocrx_word' id='word_1_149' title='bbox 1544 2041 1607 2094; x_wconf 92' lang='lat' dir='ltr'><em>iis</em></span> <span class='ocrx_word' id='word_1_150' title='bbox 1652 2058 1849 2112; x_wconf 90' lang='lat' dir='ltr'><em>quoque</em></span> 
     </span>
     <span class='ocr_line' id='line_1_23' title="bbox 131 2132 1847 2208; baseline -0.001 -20"><span class='ocrx_word' id='word_1_151' title='bbox 131 2133 615 2208; x_wconf 76' lang='lat' dir='ltr'><em>disceptationibus,</em></span> <span class='ocrx_word' id='word_1_152' title='bbox 678 2152 805 2207; x_wconf 88' lang='lat' dir='ltr'><em>quae</em></span> <span class='ocrx_word' id='word_1_153' title='bbox 864 2136 993 2188; x_wconf 90' lang='lat' dir='ltr'><em>inter</em></span> <span class='ocrx_word' id='word_1_154' title='bbox 1052 2132 1402 2190; x_wconf 83' lang='lat' dir='ltr'><em>Sacerdotium</em></span> <span class='ocrx_word' id='word_1_155' title='bbox 1461 2146 1507 2189; x_wconf 85' lang='lat' dir='ltr'><em>et</em></span> <span class='ocrx_word' id='word_1_156' title='bbox 1574 2133 1847 2208; x_wconf 89' lang='lat' dir='ltr'><em>Imperium</em></span> 
     </span>
     <span class='ocr_line' id='line_1_24' title="bbox 129 2228 1846 2302; baseline -0.002 -18"><span class='ocrx_word' id='word_1_157' title='bbox 129 2231 344 2284; x_wconf 81' lang='lat' dir='ltr'><em>existere</em></span> <span class='ocrx_word' id='word_1_158' title='bbox 405 2228 705 2302; x_wconf 89' lang='lat' dir='ltr'><em>quandoque</em></span> <span class='ocrx_word' id='word_1_159' title='bbox 764 2228 959 2298; x_wconf 77' lang='lat' dir='ltr'><em>solent,</em></span> <span class='ocrx_word' id='word_1_160' title='bbox 1010 2230 1427 2285; x_wconf 85' lang='lat' dir='ltr'><em>immemorabilis</em></span> <span class='ocrx_word' id='word_1_161' title='bbox 1471 2229 1846 2285; x_wconf 85' lang='lat' dir='ltr'><em>consuetudinis</em></span> 
     </span>
     <span class='ocr_line' id='line_1_25' title="bbox 128 2324 1846 2399; baseline -0.001 -21"><span class='ocrx_word' id='word_1_162' title='bbox 128 2325 374 2379; x_wconf 89' lang='lat' dir='ltr'><em>rationem</em></span> <span class='ocrx_word' id='word_1_163' title='bbox 433 2324 719 2378; x_wconf 89' lang='lat' dir='ltr'><em>habendam</em></span> <span class='ocrx_word' id='word_1_164' title='bbox 778 2342 922 2393; x_wconf 74' lang='lat' dir='ltr'><em>esse3</em></span> <span class='ocrx_word' id='word_1_165' title='bbox 983 2324 1134 2397; x_wconf 88' lang='lat' dir='ltr'><em>idque</em></span> <span class='ocrx_word' id='word_1_166' title='bbox 1189 2337 1363 2399; x_wconf 89' lang='lat' dir='ltr'><em>putant</em></span> <span class='ocrx_word' id='word_1_167' title='bbox 1413 2324 1478 2380; x_wconf 91' lang='lat' dir='ltr'><em>ad</em></span> <span class='ocrx_word' id='word_1_168' title='bbox 1521 2324 1846 2380; x_wconf 89' lang='lat' dir='ltr'><em>concordiam</em></span> 
     </span>
     <span class='ocr_line' id='line_1_26' title="bbox 128 2417 1844 2492; baseline -0.001 -20"><span class='ocrx_word' id='word_1_169' title='bbox 128 2420 386 2491; x_wconf 89' lang='lat' dir='ltr'><em>utriusque</em></span> <span class='ocrx_word' id='word_1_170' title='bbox 436 2420 696 2492; x_wconf 87' lang='lat' dir='ltr'><em>potestatis</em></span> <span class='ocrx_word' id='word_1_171' title='bbox 751 2418 825 2473; x_wconf 87' lang='lat' dir='ltr'><em>vel</em></span> <span class='ocrx_word' id='word_1_172' title='bbox 886 2421 1106 2474; x_wconf 78' lang='lat' dir='ltr'><em>maxime</em></span> <span class='ocrx_word' id='word_1_173' title='bbox 1165 2419 1458 2475; x_wconf 88' lang='lat' dir='ltr'><em>conducere.</em></span> <span class='ocrx_word' id='word_1_174' title='bbox 1520 2417 1667 2486; x_wconf 83' lang='lat' dir='ltr'><em>Quae</em></span> <span class='ocrx_word' id='word_1_175' title='bbox 1728 2436 1844 2471; x_wconf 84' lang='lat' dir='ltr'><em>vero</em></span> 
     </span>
     <span class='ocr_line' id='line_1_27' title="bbox 127 2512 1843 2587; baseline -0.002 -19"><span class='ocrx_word' id='word_1_176' title='bbox 127 2513 228 2568; x_wconf 88' lang='lat' dir='ltr'><em>sint</em></span> <span class='ocrx_word' id='word_1_177' title='bbox 268 2514 364 2569; x_wconf 85' lang='lat' dir='ltr'><em>hac</em></span> <span class='ocrx_word' id='word_1_178' title='bbox 407 2512 468 2567; x_wconf 92' lang='lat' dir='ltr'><em>de</em></span> <span class='ocrx_word' id='word_1_179' title='bbox 510 2532 562 2568; x_wconf 88' lang='lat' dir='ltr'><em>re</em></span> <span class='ocrx_word' id='word_1_180' title='bbox 606 2512 881 2569; x_wconf 83' lang='lat' dir='ltr'><em>Doctorum</em></span> <span class='ocrx_word' id='word_1_181' title='bbox 925 2516 1233 2584; x_wconf 75' lang='lat' dir='ltr'><em>sententiae,</em></span> <span class='ocrx_word' id='word_1_182' title='bbox 1286 2515 1530 2587; x_wconf 88' lang='lat' dir='ltr'><em>quibusve</em></span> <span class='ocrx_word' id='word_1_183' title='bbox 1591 2514 1843 2568; x_wconf 88' lang='lat' dir='ltr'><em>rationum</em></span> 
     </span>
     <span class='ocr_line' id='line_1_28' title="bbox 128 2609 1843 2681; baseline -0.001 -20"><span class='ocrx_word' id='word_1_184' title='bbox 128 2610 392 2663; x_wconf 88' lang='lat' dir='ltr'><em>momentis</em></span> <span class='ocrx_word' id='word_1_185' title='bbox 435 2627 763 2681; x_wconf 86' lang='lat' dir='ltr'><em>unaquaeque</em></span> <span class='ocrx_word' id='word_1_186' title='bbox 805 2628 977 2663; x_wconf 85' lang='lat' dir='ltr'><em>earum</em></span> <span class='ocrx_word' id='word_1_187' title='bbox 1020 2610 1226 2678; x_wconf 73' lang='lat' dir='ltr'><em>nitatur,</em></span> <span class='ocrx_word' id='word_1_188' title='bbox 1257 2609 1475 2664; x_wconf 86' lang='lat' dir='ltr'><em>breviter</em></span> <span class='ocrx_word' id='word_1_189' title='bbox 1517 2619 1843 2679; x_wconf 85' lang='lat' dir='ltr'><em>accurateque</em></span> 
     </span>
     <span class='ocr_line' id='line_1_29' title="bbox 128 2699 1843 2777; baseline 0.001 -22"><span class='ocrx_word' id='word_1_190' title='bbox 128 2705 331 2775; x_wconf 84' lang='lat' dir='ltr'><em>exponit</em></span> <span class='ocrx_word' id='word_1_191' title='bbox 374 2701 447 2757; x_wconf 92' lang='lat' dir='ltr'><em>De</em></span> <span class='ocrx_word' id='word_1_192' title='bbox 476 2701 653 2758; x_wconf 86' lang='lat' dir='ltr'><em>Marca</em></span> <span class='ocrx_word' id='word_1_193' title='bbox 680 2704 729 2757; x_wconf 92' lang='lat' dir='ltr'><em>in</em></span> <span class='ocrx_word' id='word_1_194' title='bbox 758 2701 925 2777; x_wconf 86' lang='lat' dir='ltr'><em>Opere</em></span> <span class='ocrx_word' id='word_1_195' title='bbox 967 2703 1028 2758; x_wconf 89' lang='lat' dir='ltr'><em>de</em></span> <span class='ocrx_word' id='word_1_196' title='bbox 1071 2701 1358 2760; x_wconf 89' lang='lat' dir='ltr'><em>Concordia</em></span> <span class='ocrx_word' id='word_1_197' title='bbox 1403 2701 1611 2758; x_wconf 85' lang='lat' dir='ltr'><em>Sacerd.</em></span> <span class='ocrx_word' id='word_1_198' title='bbox 1654 2713 1699 2756; x_wconf 91' lang='lat' dir='ltr'><em>et</em></span> <span class='ocrx_word' id='word_1_199' title='bbox 1742 2699 1843 2756; x_wconf 90' lang='lat' dir='ltr'><em>Im-</em></span> 
     </span>
     <span class='ocr_line' id='line_1_30' title="bbox 127 2795 1840 2872; baseline -0.001 -22"><span class='ocrx_word' id='word_1_200' title='bbox 127 2797 254 2869; x_wconf 88' lang='lat' dir='ltr'><em>perii</em></span> <span class='ocrx_word' id='word_1_201' title='bbox 296 2796 386 2853; x_wconf 92' lang='lat' dir='ltr'><em>lib.</em></span> <span class='ocrx_word' id='word_1_202' title='bbox 433 2795 508 2851; x_wconf 89' lang='grc' dir='ltr'><em>ΙΙΙ</em></span> <span class='ocrx_word' id='word_1_203' title='bbox 552 2817 662 2872; x_wconf 89' lang='lat' dir='ltr'><em>cap.</em></span> <span class='ocrx_word' id='word_1_204' title='bbox 712 2801 763 2854; x_wconf 89' lang='grc'><em>9.</em></span> <span class='ocrx_word' id='word_1_205' title='bbox 809 2817 946 2854; x_wconf 90' lang='lat' dir='ltr'><em>num.</em></span> <span class='ocrx_word' id='word_1_206' title='bbox 995 2802 1078 2868; x_wconf 78' lang='lat'><em>6.‚</em></span> <span class='ocrx_word' id='word_1_207' title='bbox 1121 2799 1208 2853; x_wconf 86' lang='lat' dir='ltr'><em>ubi</em></span> <span class='ocrx_word' id='word_1_208' title='bbox 1267 2799 1335 2852; x_wconf 84' lang='lat' dir='ltr'><em>ita</em></span> <span class='ocrx_word' id='word_1_209' title='bbox 1396 2797 1634 2852; x_wconf 86' lang='lat' dir='ltr'><em>disserit:</em></span> <span class='ocrx_word' id='word_1_210' title='bbox 1697 2798 1840 2850; x_wconf 77' lang='lat' dir='ltr'><em>Novo</em></span> 
     </span>
     <span class='ocr_line' id='line_1_31' title="bbox 121 2891 1841 2964; baseline 0.001 -22"><span class='ocrx_word' id='word_1_211' title='bbox 121 2895 247 2962; x_wconf 85' lang='lat' dir='ltr'><em>jure</em></span> <span class='ocrx_word' id='word_1_212' title='bbox 308 2891 657 2946; x_wconf 83' lang='lat' dir='ltr'><em>Decretalium</em></span> <span class='ocrx_word' id='word_1_213' title='bbox 716 2891 900 2947; x_wconf 87' lang='lat' dir='ltr'><em>addita</em></span> <span class='ocrx_word' id='word_1_214' title='bbox 959 2904 1029 2948; x_wconf 84' lang='lat' dir='ltr'><em>est</em></span> <span class='ocrx_word' id='word_1_215' title='bbox 1087 2893 1196 2947; x_wconf 84' lang='lat' dir='ltr'><em>alia</em></span> <span class='ocrx_word' id='word_1_216' title='bbox 1249 2892 1519 2964; x_wconf 63' lang='lat' dir='ltr'><em>exceptae,</em></span> <span class='ocrx_word' id='word_1_217' title='bbox 1570 2910 1744 2964; x_wconf 76' lang='lat' dir='ltr'><em>nempe</em></span> <span class='ocrx_word' id='word_1_218' title='bbox 1784 2902 1841 2944; x_wconf 85' lang='lat' dir='ltr'><em>ut</em></span> 
     </span>
    </p>
   </div>
   <div class='ocr_carea' id='block_1_4' title="bbox 1371 3009 1400 3040">
    <p class='ocr_par' dir='ltr' id='par_1_5' title="bbox 1371 3009 1400 3040">
     <span class='ocr_line' id='line_1_32' title="bbox 1371 3009 1400 3040; baseline 0.103 -3"><span class='ocrx_word' id='word_1_219' title='bbox 1371 3009 1400 3040; x_wconf 62' lang='grc' dir='ltr'><em>ἔ)</em></span> 
     </span>
    </p>
   </div>
  </div>
 </body>
</html>
