2114 3289
709 239 1097 319 CAPUT
1157 241 1234 318 Ι.

881 471 930 547 g,
976 477 1048 528 55

770 638 843 684 DE
881 636 1163 684 PERSONIS

190 805 255 861 Et
296 806 536 879 quoniam
578 803 767 878 duplici
792 802 1133 859 Personarum
1158 821 1336 873 genere
1362 799 1587 856 Ecclesia
1615 813 1829 872 constat,

111 897 280 955 Laicis
324 918 500 973 nempe
543 911 589 954 et
615 896 848 967 Clericis‚
892 899 1057 972 primo
1101 896 1371 951 dicendum
1398 908 1470 951 est
1503 895 1830 968 quemadmo-

110 994 231 1049 dum
274 995 391 1049 laici
434 994 667 1068 potestati
711 993 869 1065 ipsius
930 990 1186 1046 Ecclesiae
1236 990 1551 1045 subduntur:
1613 990 1831 1046 secundo

112 1088 362 1158 agendum
406 1087 466 1142 de
528 1084 738 1142 Clericis
782 1104 1056 1158 eorumque
1114 1085 1451 1153 immunitate,
1501 1084 1636 1138 circa
1680 1102 1833 1156 quam

110 1194 213 1236 tam
256 1182 412 1236 multa
439 1201 467 1236 a
494 1180 770 1251 Theologis
797 1192 843 1236 et
882 1178 1172 1235 Canouistis
1215 1177 1469 1252 disputata
1495 1190 1642 1232 sunt:
1687 1179 1832 1233 tertio

112 1275 326 1348 denique
378 1275 670 1344 videndum,
714 1293 777 1330 an
819 1274 994 1329 electio
1043 1290 1394 1346 personarum,
1441 1290 1531 1345 per
1572 1289 1725 1342 quam
1767 1270 1834 1326 ad

112 1371 435 1440 magistratus
488 1369 860 1441 dignitatesque
918 1366 1286 1422 ecclesiasticas
1332 1366 1411 1420 via
1464 1364 1722 1438 panditur,
1766 1364 1831 1419 ad
1885 1358 1907 1375 ‘'

111 1485 261 1521 unam
304 1464 584 1521 Ecclesiam
626 1465 889 1539 pertineat.

873 1621 919 1698 g,
965 1630 1060 1682 56.

822 1761 897 1808 DE
934 1760 1122 1807 LAICIS

192 1929 261 1986 Ut
286 1927 429 1985 Laiei
456 1927 761 2003 reipublicae
788 1927 984 1998 legibus
1019 1938 1277 1999 tamquam
1303 1926 1437 1981 cives
1475 1924 1832 1995 subjiciuntur,

112 2027 182 2080 ita
209 2045 297 2099 per
338 2025 646 2098 baptismum
688 2023 818 2077 inter
854 2022 986 2077 filios
1030 2019 1285 2075 Ecclesiae
1328 2020 1547 2093 cooptati
1589 2019 1696 2090 ejus
1739 2020 1836 2074 im-

114 2121 255 2193 perio
300 2118 509 2174 obnoxii
553 2128 685 2173 sunt.
729 2114 1032 2171 Rectoribus
1075 2132 1291 2187 namque
1333 2112 1609 2182 Ecclesiae,
1637 2114 1688 2168 in
1730 2115 1835 2188 pri-

116 2213 310 2285 misque
353 2211 505 2267 Petro
550 2229 722 2266 curam
748 2221 795 2264 et
821 2210 1043 2279 regimen
1068 2209 1219 2264 totius
1254 2208 1422 2279 gregis
1449 2204 1683 2262 Christus
1725 2209 1835 2281 ipse

114 2307 342 2375 contulit,
385 2316 779 2380 potestatemque
807 2303 947 2358 dedit
978 2301 1208 2374 jubendi,
1248 2300 1534 2373 judicandi,
1560 2303 1834 2375 poenisque

115 2401 399 2470 coercendi,
444 2400 505 2455 de
549 2399 730 2473 quihus
775 2399 827 2454 in
881 2398 1226 2473 superioribus
1287 2397 1434 2452 libris
1477 2396 1599 2452 satis
1642 2395 1834 2451 dixisse

114 2495 440 2551 arbitramur.
486 2493 659 2567 Itaque
691 2493 956 2548 christiani
999 2510 1171 2548 omnes
1215 2489 1495 2546 Ecclesiam
1530 2488 1706 2544 audire
1748 2489 1834 2544 de-

113 2589 249 2658 bent,
292 2609 390 2662 quo
433 2599 657 2663 spectant
697 2606 754 2642 ea
781 2584 975 2642 Christi
1019 2586 1170 2642 verba
1212 2584 1336 2642 Luc.
1366 2582 1416 2639 X
1454 2585 1549 2650 16,
1593 2595 1639 2638 et
1682 2582 1830 2640 Joan.

70 2680 74 2688 ⁴
114 2680 245 2737 XIII
290 2686 398 2738 ⁶20:
443 2682 546 2747 Qui
587 2698 671 2735 ‘cos
712 2680 861 2735 audit
903 2699 982 2735 me
1041 2680 1210 2750 audit,
1254 2678 1342 2750 qui
1384 2695 1467 2731 vos
1518 2677 1711 2749 spernit
1751 2696 1831 2732 me

115 2775 331 2848 spernit,
374 2775 585 2849 ideoque
611 2777 662 2831 in
687 2777 854 2850 ipsum
896 2773 1158 2831 Christum
1202 2784 1391 2848 peccat,
1435 2773 1521 2846 qui
1549 2770 1827 2828 Ecclesiam

115 2888 216 2927 non
259 2868 418 2939 audit,
459 2872 602 2942 eique
645 2889 744 2928 non
787 2869 1113 2943 obtemperat.
