<?xml version="1.0" encoding="UTF-8"?>
<!DOCTYPE html PUBLIC "-//W3C//DTD XHTML 1.0 Transitional//EN"
    "http://www.w3.org/TR/xhtml1/DTD/xhtml1-transitional.dtd">
<html xmlns="http://www.w3.org/1999/xhtml" xml:lang="en" lang="en">
 <head>
  <title>
</title>
<meta http-equiv="Content-Type" content="text/html;charset=utf-8" />
  <meta name='ocr-system' content='tesseract 3.04.00' />
  <meta name='ocr-capabilities' content='ocr_page ocr_carea ocr_par ocr_line ocrx_word'/>
</head>
<body>
  <div class='ocr_page' id='page_1' title='image "./joanniscardinali00sogl_0243.png"; bbox 0 0 2114 3289; ppageno 0'>
   <div class='ocr_carea' id='block_1_1' title="bbox 0 3128 8 3289">
    <p class='ocr_par' dir='ltr' id='par_1_1' title="bbox 0 3128 8 3289">
     <span class='ocr_line' id='line_1_1' title="bbox 0 3128 8 3289; textangle 90"><span class='ocrx_word' id='word_1_1' title='bbox 0 3174 8 3289; x_wconf 53' lang='lat' dir='ltr'><em>-nn-——</em></span> <span class='ocrx_word' id='word_1_2' title='bbox 0 3128 5 3165; x_wconf 91' lang='lat'>·—·</span> 
     </span>
    </p>
   </div>
   <div class='ocr_carea' id='block_1_2' title="bbox 427 121 1788 198">
    <p class='ocr_par' dir='ltr' id='par_1_2' title="bbox 427 121 1788 198">
     <span class='ocr_line' id='line_1_2' title="bbox 427 121 1788 198; baseline 0 -16"><span class='ocrx_word' id='word_1_3' title='bbox 427 121 473 198; x_wconf 89' lang='grc'>3.</span> <span class='ocrx_word' id='word_1_4' title='bbox 502 145 595 181; x_wconf 82' lang='lat' dir='ltr'>xx.</span> <span class='ocrx_word' id='word_1_5' title='bbox 627 145 686 181; x_wconf 82' lang='lat' dir='ltr'>DE</span> <span class='ocrx_word' id='word_1_6' title='bbox 713 145 838 180; x_wconf 79' lang='lat' dir='ltr'>JURE</span> <span class='ocrx_word' id='word_1_7' title='bbox 868 144 1153 181; x_wconf 65' lang='lat' dir='ltr'>minumum</span> <span class='ocrx_word' id='word_1_8' title='bbox 1179 144 1600 183; x_wconf 71' lang='lat' dir='ltr'>cournovl-:nsms</span> <span class='ocrx_word' id='word_1_9' title='bbox 1717 132 1788 182; x_wconf 84' lang='lat'>69</span> 
     </span>
    </p>
   </div>
   <div class='ocr_carea' id='block_1_3' title="bbox 142 245 1883 2874">
    <p class='ocr_par' dir='ltr' id='par_1_3' title="bbox 142 245 1883 2668">
     <span class='ocr_line' id='line_1_3' title="bbox 231 245 1874 324; baseline 0.001 -20"><span class='ocrx_word' id='word_1_10' title='bbox 231 249 405 324; x_wconf 89' lang='lat' dir='ltr'>Itaque</span> <span class='ocrx_word' id='word_1_11' title='bbox 446 248 708 305; x_wconf 88' lang='lat' dir='ltr'>Romanus</span> <span class='ocrx_word' id='word_1_12' title='bbox 753 245 992 305; x_wconf 81' lang='lat' dir='ltr'>Pontifex</span> <span class='ocrx_word' id='word_1_13' title='bbox 1034 250 1331 306; x_wconf 91' lang='lat' dir='ltr'>constitutus</span> <span class='ocrx_word' id='word_1_14' title='bbox 1373 260 1446 304; x_wconf 90' lang='lat' dir='ltr'>est</span> <span class='ocrx_word' id='word_1_15' title='bbox 1477 247 1758 305; x_wconf 83' lang='lat' dir='ltr'>catholicae</span> <span class='ocrx_word' id='word_1_16' title='bbox 1783 248 1874 306; x_wconf 92' lang='lat' dir='ltr'>do-</span> 
     </span>
     <span class='ocr_line' id='line_1_4' title="bbox 151 341 1874 414; baseline 0 -15"><span class='ocrx_word' id='word_1_17' title='bbox 151 345 343 400; x_wconf 87' lang='lat' dir='ltr'>ctrinae</span> <span class='ocrx_word' id='word_1_18' title='bbox 369 343 628 413; x_wconf 75' lang='lat' dir='ltr'>magister,</span> <span class='ocrx_word' id='word_1_19' title='bbox 656 355 701 398; x_wconf 92' lang='lat' dir='ltr'>et</span> <span class='ocrx_word' id='word_1_20' title='bbox 735 342 891 414; x_wconf 82' lang='lat' dir='ltr'>judex</span> <span class='ocrx_word' id='word_1_21' title='bbox 933 344 1390 398; x_wconf 86' lang='lat' dir='ltr'>controversiarum</span> <span class='ocrx_word' id='word_1_22' title='bbox 1433 341 1494 398; x_wconf 92' lang='lat' dir='ltr'>de</span> <span class='ocrx_word' id='word_1_23' title='bbox 1536 341 1636 397; x_wconf 83' lang='lat' dir='ltr'>fide</span> <span class='ocrx_word' id='word_1_24' title='bbox 1679 354 1726 397; x_wconf 90' lang='lat' dir='ltr'>et</span> <span class='ocrx_word' id='word_1_25' title='bbox 1767 361 1874 399; x_wconf 90' lang='lat' dir='ltr'>mo-</span> 
     </span>
     <span class='ocr_line' id='line_1_5' title="bbox 152 434 1871 509; baseline 0 -17"><span class='ocrx_word' id='word_1_26' title='bbox 152 437 319 506; x_wconf 82' lang='lat' dir='ltr'>ribus,</span> <span class='ocrx_word' id='word_1_27' title='bbox 363 435 424 491; x_wconf 88' lang='lat' dir='ltr'>de</span> <span class='ocrx_word' id='word_1_28' title='bbox 467 454 566 509; x_wconf 87' lang='lat' dir='ltr'>quo</span> <span class='ocrx_word' id='word_1_29' title='bbox 610 437 978 493; x_wconf 87' lang='lat' dir='ltr'>catholicorum</span> <span class='ocrx_word' id='word_1_30' title='bbox 1022 454 1166 492; x_wconf 89' lang='lat' dir='ltr'>nemo</span> <span class='ocrx_word' id='word_1_31' title='bbox 1211 436 1426 493; x_wconf 89' lang='lat' dir='ltr'>dubitat.</span> <span class='ocrx_word' id='word_1_32' title='bbox 1478 434 1559 491; x_wconf 89' lang='lat' dir='ltr'>An</span> <span class='ocrx_word' id='word_1_33' title='bbox 1602 454 1718 493; x_wconf 86' lang='lat' dir='ltr'>vero</span> <span class='ocrx_word' id='word_1_34' title='bbox 1761 437 1871 508; x_wconf 86' lang='lat' dir='ltr'>ejus</span> 
     </span>
     <span class='ocr_line' id='line_1_6' title="bbox 146 529 1872 603; baseline 0 -18"><span class='ocrx_word' id='word_1_35' title='bbox 146 530 415 600; x_wconf 74' lang='lat' dir='ltr'>judicium,</span> <span class='ocrx_word' id='word_1_36' title='bbox 457 549 571 586; x_wconf 92' lang='lat' dir='ltr'>cum</span> <span class='ocrx_word' id='word_1_37' title='bbox 615 548 683 585; x_wconf 61' lang='grc' dir='ltr'>θα)</span> <span class='ocrx_word' id='word_1_38' title='bbox 743 530 987 584; x_wconf 80' lang='lat' dir='ltr'><em>cathedra</em></span> <span class='ocrx_word' id='word_1_39' title='bbox 1029 529 1272 603; x_wconf 81' lang='lat' dir='ltr'>loquitur,</span> <span class='ocrx_word' id='word_1_40' title='bbox 1313 529 1591 603; x_wconf 79' lang='lat' dir='ltr'>infallibilc</span> <span class='ocrx_word' id='word_1_41' title='bbox 1634 531 1720 601; x_wconf 78' lang='lat' dir='ltr'>sit,</span> <span class='ocrx_word' id='word_1_42' title='bbox 1746 546 1872 585; x_wconf 89' lang='lat' dir='ltr'>non-</span> 
     </span>
     <span class='ocr_line' id='line_1_7' title="bbox 149 622 1876 699; baseline 0.001 -21"><span class='ocrx_word' id='word_1_43' title='bbox 149 624 275 679; x_wconf 89' lang='lat' dir='ltr'>nulli</span> <span class='ocrx_word' id='word_1_44' title='bbox 317 623 569 696; x_wconf 82' lang='lat' dir='ltr'>Theologi</span> <span class='ocrx_word' id='word_1_45' title='bbox 611 625 662 679; x_wconf 91' lang='lat' dir='ltr'>in</span> <span class='ocrx_word' id='word_1_46' title='bbox 706 624 1072 679; x_wconf 83' lang='lat' dir='ltr'>dubitationem</span> <span class='ocrx_word' id='word_1_47' title='bbox 1115 623 1390 693; x_wconf 80' lang='lat' dir='ltr'>adducunt,</span> <span class='ocrx_word' id='word_1_48' title='bbox 1424 635 1652 699; x_wconf 86' lang='lat' dir='ltr'>putantes</span> <span class='ocrx_word' id='word_1_49' title='bbox 1697 622 1876 681; x_wconf 91' lang='lat' dir='ltr'>Ponti-</span> 
     </span>
     <span class='ocr_line' id='line_1_8' title="bbox 150 716 1873 790; baseline 0.001 -16"><span class='ocrx_word' id='word_1_50' title='bbox 150 719 261 774; x_wconf 89' lang='lat' dir='ltr'>ficis</span> <span class='ocrx_word' id='word_1_51' title='bbox 302 717 551 790; x_wconf 82' lang='lat' dir='ltr'>judicium</span> <span class='ocrx_word' id='word_1_52' title='bbox 594 737 694 774; x_wconf 89' lang='lat' dir='ltr'>non</span> <span class='ocrx_word' id='word_1_53' title='bbox 736 736 843 773; x_wconf 91' lang='lat' dir='ltr'>esse</span> <span class='ocrx_word' id='word_1_54' title='bbox 886 716 1278 788; x_wconf 74' lang='lat' dir='ltr'>irreformabile,</span> <span class='ocrx_word' id='word_1_55' title='bbox 1322 719 1421 773; x_wconf 91' lang='lat' dir='ltr'>nisi</span> <span class='ocrx_word' id='word_1_56' title='bbox 1464 738 1734 776; x_wconf 83' lang='lat' dir='ltr'>consensus</span> <span class='ocrx_word' id='word_1_57' title='bbox 1777 717 1873 775; x_wconf 90' lang='lat' dir='ltr'>Ec-</span> 
     </span>
     <span class='ocr_line' id='line_1_9' title="bbox 148 810 1878 885; baseline 0.001 -17"><span class='ocrx_word' id='word_1_58' title='bbox 148 813 329 868; x_wconf 89' lang='lat' dir='ltr'>clesiae</span> <span class='ocrx_word' id='word_1_59' title='bbox 390 814 674 869; x_wconf 88' lang='lat' dir='ltr'>accesserit.</span> <span class='ocrx_word' id='word_1_60' title='bbox 736 810 839 868; x_wconf 90' lang='lat' dir='ltr'>Sed</span> <span class='ocrx_word' id='word_1_61' title='bbox 899 813 1108 885; x_wconf 87' lang='lat' dir='ltr'>antiqua</span> <span class='ocrx_word' id='word_1_62' title='bbox 1167 823 1215 868; x_wconf 89' lang='lat' dir='ltr'>et</span> <span class='ocrx_word' id='word_1_63' title='bbox 1269 813 1438 885; x_wconf 88' lang='lat' dir='ltr'>potior</span> <span class='ocrx_word' id='word_1_64' title='bbox 1478 814 1722 869; x_wconf 89' lang='lat' dir='ltr'>sententia</span> <span class='ocrx_word' id='word_1_65' title='bbox 1765 824 1878 884; x_wconf 85' lang='lat' dir='ltr'>est,</span> 
     </span>
     <span class='ocr_line' id='line_1_10' title="bbox 149 905 1877 980; baseline 0.001 -19"><span class='ocrx_word' id='word_1_66' title='bbox 149 926 278 980; x_wconf 84' lang='lat' dir='ltr'>quae</span> <span class='ocrx_word' id='word_1_67' title='bbox 328 905 562 964; x_wconf 89' lang='lat' dir='ltr'>Romano</span> <span class='ocrx_word' id='word_1_68' title='bbox 605 905 845 963; x_wconf 88' lang='lat' dir='ltr'>Pontifici</span> <span class='ocrx_word' id='word_1_69' title='bbox 888 905 950 961; x_wconf 93' lang='lat' dir='ltr'>de</span> <span class='ocrx_word' id='word_1_70' title='bbox 991 906 1141 962; x_wconf 87' lang='lat' dir='ltr'>rebus</span> <span class='ocrx_word' id='word_1_71' title='bbox 1184 906 1303 962; x_wconf 87' lang='lat' dir='ltr'>fidei</span> <span class='ocrx_word' id='word_1_72' title='bbox 1348 918 1394 962; x_wconf 93' lang='lat' dir='ltr'>et</span> <span class='ocrx_word' id='word_1_73' title='bbox 1437 925 1635 963; x_wconf 88' lang='lat' dir='ltr'>morum</span> <span class='ocrx_word' id='word_1_74' title='bbox 1677 908 1877 963; x_wconf 85' lang='lat' dir='ltr'>univer-</span> 
     </span>
     <span class='ocr_line' id='line_1_11' title="bbox 147 999 1870 1075; baseline 0 -17"><span class='ocrx_word' id='word_1_75' title='bbox 147 1020 258 1058; x_wconf 86' lang='lat' dir='ltr'>sam</span> <span class='ocrx_word' id='word_1_76' title='bbox 299 1001 581 1058; x_wconf 81' lang='lat' dir='ltr'>Ecclesiam</span> <span class='ocrx_word' id='word_1_77' title='bbox 624 1000 825 1057; x_wconf 89' lang='lat' dir='ltr'>docenti</span> <span class='ocrx_word' id='word_1_78' title='bbox 867 1000 1192 1075; x_wconf 77' lang='lat' dir='ltr'>privilegium</span> <span class='ocrx_word' id='word_1_79' title='bbox 1218 999 1600 1058; x_wconf 88' lang='lat' dir='ltr'>infallibilitatis</span> <span class='ocrx_word' id='word_1_80' title='bbox 1628 1001 1870 1059; x_wconf 84' lang='lat' dir='ltr'>vindicat.</span> 
     </span>
     <span class='ocr_line' id='line_1_12' title="bbox 149 1094 1876 1169; baseline 0.001 -19"><span class='ocrx_word' id='word_1_81' title='bbox 149 1094 208 1150; x_wconf 92' lang='lat' dir='ltr'>In</span> <span class='ocrx_word' id='word_1_82' title='bbox 249 1097 491 1152; x_wconf 84' lang='lat' dir='ltr'>alterutra</span> <span class='ocrx_word' id='word_1_83' title='bbox 534 1097 815 1165; x_wconf 77' lang='lat' dir='ltr'>sententia,</span> <span class='ocrx_word' id='word_1_84' title='bbox 859 1096 946 1169; x_wconf 91' lang='lat' dir='ltr'>qui</span> <span class='ocrx_word' id='word_1_85' title='bbox 989 1094 1228 1150; x_wconf 87' lang='lat' dir='ltr'>catholici</span> <span class='ocrx_word' id='word_1_86' title='bbox 1270 1114 1379 1151; x_wconf 89' lang='lat' dir='ltr'>esse</span> <span class='ocrx_word' id='word_1_87' title='bbox 1422 1094 1631 1166; x_wconf 78' lang='lat' dir='ltr'>volunt,</span> <span class='ocrx_word' id='word_1_88' title='bbox 1691 1095 1876 1151; x_wconf 90' lang='lat' dir='ltr'>debent</span> 
     </span>
     <span class='ocr_line' id='line_1_13' title="bbox 152 1188 1878 1263; baseline 0.001 -19"><span class='ocrx_word' id='word_1_89' title='bbox 152 1189 531 1247; x_wconf 88' lang='lat' dir='ltr'>definitionibus</span> <span class='ocrx_word' id='word_1_90' title='bbox 575 1192 760 1246; x_wconf 90' lang='lat' dir='ltr'>summi</span> <span class='ocrx_word' id='word_1_91' title='bbox 803 1188 1068 1246; x_wconf 87' lang='lat' dir='ltr'>Pontificis</span> <span class='ocrx_word' id='word_1_92' title='bbox 1112 1207 1213 1246; x_wconf 92' lang='lat' dir='ltr'>non</span> <span class='ocrx_word' id='word_1_93' title='bbox 1255 1189 1406 1245; x_wconf 89' lang='lat' dir='ltr'>modo</span> <span class='ocrx_word' id='word_1_94' title='bbox 1453 1189 1782 1263; x_wconf 86' lang='lat' dir='ltr'>obsequentes</span> <span class='ocrx_word' id='word_1_95' title='bbox 1824 1210 1878 1246; x_wconf 90' lang='lat' dir='ltr'>se</span> 
     </span>
     <span class='ocr_line' id='line_1_14' title="bbox 150 1283 1881 1359; baseline 0 -19"><span class='ocrx_word' id='word_1_96' title='bbox 150 1283 428 1359; x_wconf 83' lang='lat' dir='ltr'>praebere,</span> <span class='ocrx_word' id='word_1_97' title='bbox 474 1304 646 1340; x_wconf 85' lang='lat' dir='ltr'>verum</span> <span class='ocrx_word' id='word_1_98' title='bbox 687 1286 842 1340; x_wconf 87' lang='lat' dir='ltr'>etiam</span> <span class='ocrx_word' id='word_1_99' title='bbox 885 1284 1081 1339; x_wconf 89' lang='lat' dir='ltr'>interno</span> <span class='ocrx_word' id='word_1_100' title='bbox 1125 1284 1304 1339; x_wconf 89' lang='lat' dir='ltr'>mentis</span> <span class='ocrx_word' id='word_1_101' title='bbox 1348 1301 1555 1339; x_wconf 89' lang='lat' dir='ltr'>assensu</span> <span class='ocrx_word' id='word_1_102' title='bbox 1605 1283 1782 1340; x_wconf 85' lang='lat' dir='ltr'>audire</span> <span class='ocrx_word' id='word_1_103' title='bbox 1832 1296 1881 1340; x_wconf 91' lang='lat' dir='ltr'>et</span> 
     </span>
     <span class='ocr_line' id='line_1_15' title="bbox 151 1373 1878 1453; baseline 0 -18"><span class='ocrx_word' id='word_1_104' title='bbox 151 1378 370 1435; x_wconf 83' lang='lat' dir='ltr'>credere.</span> <span class='ocrx_word' id='word_1_105' title='bbox 401 1381 548 1448; x_wconf 82' lang='lat' dir='ltr'>Cum,</span> <span class='ocrx_word' id='word_1_106' title='bbox 575 1389 626 1433; x_wconf 92' lang='lat' dir='ltr'>ut</span> <span class='ocrx_word' id='word_1_107' title='bbox 668 1376 925 1453; x_wconf 83' lang='lat' dir='ltr'>praeclare</span> <span class='ocrx_word' id='word_1_108' title='bbox 968 1377 1040 1432; x_wconf 88' lang='lat' dir='ltr'>ait</span> <span class='ocrx_word' id='word_1_109' title='bbox 1081 1373 1262 1432; x_wconf 88' lang='lat' dir='ltr'>Petrus</span> <span class='ocrx_word' id='word_1_110' title='bbox 1306 1375 1555 1433; x_wconf 85' lang='lat' dir='ltr'>Ballerini</span> <span class='ocrx_word' id='word_1_111' title='bbox 1597 1378 1649 1433; x_wconf 91' lang='lat' dir='ltr'>in</span> <span class='ocrx_word' id='word_1_112' title='bbox 1691 1397 1878 1453; x_wconf 87' lang='lat' dir='ltr'>appen-</span> 
     </span>
     <span class='ocr_line' id='line_1_16' title="bbox 150 1466 1880 1544; baseline -0.001 -15"><span class='ocrx_word' id='word_1_113' title='bbox 150 1473 261 1529; x_wconf 90' lang='lat' dir='ltr'>dice</span> <span class='ocrx_word' id='word_1_114' title='bbox 313 1473 375 1528; x_wconf 90' lang='lat' dir='ltr'>de</span> <span class='ocrx_word' id='word_1_115' title='bbox 426 1472 685 1529; x_wconf 89' lang='lat' dir='ltr'>infallibil.</span> <span class='ocrx_word' id='word_1_116' title='bbox 730 1469 922 1528; x_wconf 90' lang='lat' dir='ltr'>Pontif.</span> <span class='ocrx_word' id='word_1_117' title='bbox 967 1474 1019 1528; x_wconf 93' lang='lat' dir='ltr'>in</span> <span class='ocrx_word' id='word_1_118' title='bbox 1062 1471 1256 1528; x_wconf 88' lang='lat' dir='ltr'>definit.</span> <span class='ocrx_word' id='word_1_119' title='bbox 1302 1471 1528 1542; x_wconf 81' lang='lat' dir='ltr'>dogmat.</span> <span class='ocrx_word' id='word_1_120' title='bbox 1572 1466 1768 1544; x_wconf 80' lang='grc'><strong>310,</strong></span> <span class='ocrx_word' id='word_1_121' title='bbox 1811 1491 1880 1529; x_wconf 75' lang='lat' dir='ltr'>ex</span> 
     </span>
     <span class='ocr_line' id='line_1_17' title="bbox 142 1566 1882 1642; baseline 0.002 -21"><span class='ocrx_word' id='word_1_122' title='bbox 142 1568 246 1642; x_wconf 78' lang='lat' dir='ltr'>fine</span> <span class='ocrx_word' id='word_1_123' title='bbox 300 1578 347 1622; x_wconf 81' lang='lat' dir='ltr'>et</span> <span class='ocrx_word' id='word_1_124' title='bbox 397 1568 557 1641; x_wconf 84' lang='lat' dir='ltr'>officio</span> <span class='ocrx_word' id='word_1_125' title='bbox 608 1567 870 1640; x_wconf 76' lang='lat' dir='ltr'>primatus</span> <span class='ocrx_word' id='word_1_126' title='bbox 929 1567 1106 1641; x_wconf 78' lang='lat' dir='ltr'>definit</span> <span class='ocrx_word' id='word_1_127' title='bbox 1166 1566 1371 1638; x_wconf 74' lang='lat' dir='ltr'>aliquid</span> <span class='ocrx_word' id='word_1_128' title='bbox 1430 1567 1746 1623; x_wconf 80' lang='lat' dir='ltr'>credendum</span> <span class='ocrx_word' id='word_1_129' title='bbox 1802 1569 1882 1624; x_wconf 81' lang='lat' dir='ltr'>vel</span> 
     </span>
     <span class='ocr_line' id='line_1_18' title="bbox 148 1661 1882 1736; baseline 0.001 -20"><span class='ocrx_word' id='word_1_130' title='bbox 148 1663 508 1733; x_wconf 76' lang='lat' dir='ltr'>damnandum</span> <span class='ocrx_word' id='word_1_131' title='bbox 567 1680 636 1718; x_wconf 74' lang='lat' dir='ltr'>ecc</span> <span class='ocrx_word' id='word_1_132' title='bbox 694 1662 946 1717; x_wconf 78' lang='lat' dir='ltr'>catholica</span> <span class='ocrx_word' id='word_1_133' title='bbox 1001 1662 1104 1736; x_wconf 82' lang='lat' dir='ltr'>fide</span> <span class='ocrx_word' id='word_1_134' title='bbox 1125 1704 1145 1729; x_wconf 79' lang='lat'><em>,</em></span> <span class='ocrx_word' id='word_1_135' title='bbox 1197 1672 1242 1716; x_wconf 82' lang='lat' dir='ltr'>et</span> <span class='ocrx_word' id='word_1_136' title='bbox 1285 1661 1628 1716; x_wconf 74' lang='lat' dir='ltr'>obedienciam</span> <span class='ocrx_word' id='word_1_137' title='bbox 1670 1663 1882 1735; x_wconf 80' lang='lat' dir='ltr'>quidem</span> 
     </span>
     <span class='ocr_line' id='line_1_19' title="bbox 149 1756 1880 1831; baseline 0.001 -21"><span class='ocrx_word' id='word_1_138' title='bbox 149 1756 217 1810; x_wconf 81' lang='lat' dir='ltr'>iis</span> <span class='ocrx_word' id='word_1_139' title='bbox 281 1757 568 1829; x_wconf 74' lang='lat' dir='ltr'>apostolicis</span> <span class='ocrx_word' id='word_1_140' title='bbox 620 1756 847 1831; x_wconf 80' lang='lat' dir='ltr'>judiciis</span> <span class='ocrx_word' id='word_1_141' title='bbox 907 1757 1063 1811; x_wconf 77' lang='lat' dir='ltr'>etiam</span> <span class='ocrx_word' id='word_1_142' title='bbox 1124 1773 1331 1810; x_wconf 73' lang='lat' dir='ltr'>assensu</span> <span class='ocrx_word' id='word_1_143' title='bbox 1373 1757 1500 1830; x_wconf 79' lang='lat' dir='ltr'>fidei</span> <span class='ocrx_word' id='word_1_144' title='bbox 1550 1766 1597 1811; x_wconf 82' lang='lat' dir='ltr'>et</span> <span class='ocrx_word' id='word_1_145' title='bbox 1644 1757 1880 1829; x_wconf 79' lang='lat' dir='ltr'>obsequio</span> 
     </span>
     <span class='ocr_line' id='line_1_20' title="bbox 150 1850 1882 1925; baseline 0.001 -19"><span class='ocrx_word' id='word_1_146' title='bbox 150 1851 387 1919; x_wconf 70' lang='lat' dir='ltr'>interno,</span> <span class='ocrx_word' id='word_1_147' title='bbox 430 1862 488 1906; x_wconf 77' lang='lat' dir='ltr'>ut</span> <span class='ocrx_word' id='word_1_148' title='bbox 529 1851 607 1907; x_wconf 75' lang='lat' dir='ltr'>cel</span> <span class='ocrx_word' id='word_1_149' title='bbox 647 1852 748 1925; x_wconf 83' lang='lat' dir='ltr'>ipsi</span> <span class='ocrx_word' id='word_1_150' title='bbox 791 1851 1032 1925; x_wconf 78' lang='lat' dir='ltr'>Episcopi</span> <span class='ocrx_word' id='word_1_151' title='bbox 1077 1850 1340 1906; x_wconf 77' lang='lat' dir='ltr'>Gallicani</span> <span class='ocrx_word' id='word_1_152' title='bbox 1382 1851 1594 1924; x_wconf 79' lang='lat' dir='ltr'>confessi</span> <span class='ocrx_word' id='word_1_153' title='bbox 1635 1862 1790 1920; x_wconf 77' lang='lat' dir='ltr'>sunt,</span> <span class='ocrx_word' id='word_1_154' title='bbox 1835 1862 1882 1907; x_wconf 80' lang='lat' dir='ltr'>et</span> 
     </span>
     <span class='ocr_line' id='line_1_21' title="bbox 152 1945 1882 2021; baseline 0.001 -21"><span class='ocrx_word' id='word_1_155' title='bbox 152 1946 229 2001; x_wconf 82' lang='lat' dir='ltr'>ita</span> <span class='ocrx_word' id='word_1_156' title='bbox 279 1947 653 2019; x_wconf 78' lang='lat' dir='ltr'>praestandam</span> <span class='ocrx_word' id='word_1_157' title='bbox 712 1946 836 2021; x_wconf 80' lang='lat' dir='ltr'>ipsis</span> <span class='ocrx_word' id='word_1_158' title='bbox 897 1965 1009 2002; x_wconf 80' lang='lat' dir='ltr'>eum</span> <span class='ocrx_word' id='word_1_159' title='bbox 1056 1946 1183 2021; x_wconf 82' lang='lat' dir='ltr'>fidei</span> <span class='ocrx_word' id='word_1_160' title='bbox 1234 1945 1526 2013; x_wconf 70' lang='lat' dir='ltr'>unitatem,</span> <span class='ocrx_word' id='word_1_161' title='bbox 1569 1964 1724 2018; x_wconf 78' lang='lat' dir='ltr'>quam</span> <span class='ocrx_word' id='word_1_162' title='bbox 1766 1965 1882 2001; x_wconf 78' lang='lat' dir='ltr'>cum</span> 
     </span>
     <span class='ocr_line' id='line_1_22' title="bbox 151 2039 1881 2109; baseline 0.001 -15"><span class='ocrx_word' id='word_1_163' title='bbox 151 2052 323 2096; x_wconf 74' lang='lat' dir='ltr'>centro</span> <span class='ocrx_word' id='word_1_164' title='bbox 349 2041 627 2096; x_wconf 79' lang='lat' dir='ltr'>catholicae</span> <span class='ocrx_word' id='word_1_165' title='bbox 654 2042 870 2097; x_wconf 77' lang='lat' dir='ltr'>unitatis</span> <span class='ocrx_word' id='word_1_166' title='bbox 894 2042 1233 2096; x_wconf 72' lang='lat' dir='ltr'>necessarium</span> <span class='ocrx_word' id='word_1_167' title='bbox 1259 2041 1477 2096; x_wconf 77' lang='lat' dir='ltr'>traditio</span> <span class='ocrx_word' id='word_1_168' title='bbox 1503 2040 1664 2098; x_wconf 81' lang='lat' dir='ltr'>docet.</span> <span class='ocrx_word' id='word_1_169' title='bbox 1708 2039 1881 2109; x_wconf 84' lang='lat' dir='ltr'>Quam</span> 
     </span>
     <span class='ocr_line' id='line_1_23' title="bbox 150 2133 1877 2211; baseline 0.001 -21"><span class='ocrx_word' id='word_1_170' title='bbox 150 2136 357 2209; x_wconf 88' lang='lat' dir='ltr'>quidem</span> <span class='ocrx_word' id='word_1_171' title='bbox 407 2137 769 2208; x_wconf 83' lang='lat' dir='ltr'>obligationem</span> <span class='ocrx_word' id='word_1_172' title='bbox 812 2136 1135 2192; x_wconf 87' lang='lat' dir='ltr'>denunciavit</span> <span class='ocrx_word' id='word_1_173' title='bbox 1177 2134 1232 2191; x_wconf 89' lang='lat' dir='ltr'>S.</span> <span class='ocrx_word' id='word_1_174' title='bbox 1278 2133 1458 2191; x_wconf 86' lang='lat' dir='ltr'>Petrus</span> <span class='ocrx_word' id='word_1_175' title='bbox 1503 2148 1600 2192; x_wconf 87' lang='lat' dir='ltr'>act.</span> <span class='ocrx_word' id='word_1_176' title='bbox 1645 2156 1756 2211; x_wconf 85' lang='lat' dir='ltr'>cap.</span> <span class='ocrx_word' id='word_1_177' title='bbox 1807 2138 1877 2191; x_wconf 83' lang='lat'>15</span> 
     </span>
     <span class='ocr_line' id='line_1_24' title="bbox 155 2229 1881 2303; baseline -0.001 -17"><span class='ocrx_word' id='word_1_178' title='bbox 155 2250 201 2286; x_wconf 75' lang='lat' dir='ltr'>v,</span> <span class='ocrx_word' id='word_1_179' title='bbox 250 2235 278 2284; x_wconf 88' lang='grc'>7</span> <span class='ocrx_word' id='word_1_180' title='bbox 325 2231 406 2286; x_wconf 94' lang='lat' dir='ltr'>his</span> <span class='ocrx_word' id='word_1_181' title='bbox 452 2231 653 2287; x_wconf 81' lang='lat' dir='ltr'>verbis:</span> <span class='ocrx_word' id='word_1_182' title='bbox 714 2230 827 2286; x_wconf 78' lang='lat' dir='ltr'>Vir-i</span> <span class='ocrx_word' id='word_1_183' title='bbox 886 2230 1074 2303; x_wconf 77' lang='lat' dir='ltr'>fratres</span> <span class='ocrx_word' id='word_1_184' title='bbox 1132 2247 1216 2284; x_wconf 69' lang='lat' dir='ltr'>‘cos</span> <span class='ocrx_word' id='word_1_185' title='bbox 1275 2229 1450 2300; x_wconf 73' lang='lat' dir='ltr'>scitis,</span> <span class='ocrx_word' id='word_1_186' title='bbox 1510 2230 1758 2302; x_wconf 78' lang='lat' dir='ltr'>quoniam</span> <span class='ocrx_word' id='word_1_187' title='bbox 1818 2232 1881 2285; x_wconf 80' lang='lat' dir='ltr'>ab</span> 
     </span>
     <span class='ocr_line' id='line_1_25' title="bbox 149 2327 1881 2400; baseline 0.001 -19"><span class='ocrx_word' id='word_1_188' title='bbox 149 2327 378 2398; x_wconf 76' lang='lat' dir='ltr'>antiquis</span> <span class='ocrx_word' id='word_1_189' title='bbox 404 2328 581 2382; x_wconf 79' lang='lat' dir='ltr'>diebus</span> <span class='ocrx_word' id='word_1_190' title='bbox 606 2331 746 2381; x_wconf 80' lang='lat' dir='ltr'>Deus</span> <span class='ocrx_word' id='word_1_191' title='bbox 778 2327 837 2381; x_wconf 77' lang='lat' dir='ltr'>in</span> <span class='ocrx_word' id='word_1_192' title='bbox 879 2328 1021 2382; x_wconf 76' lang='lat' dir='ltr'>nobis</span> <span class='ocrx_word' id='word_1_193' title='bbox 1063 2327 1212 2399; x_wconf 71' lang='lat' dir='ltr'>eleqit</span> <span class='ocrx_word' id='word_1_194' title='bbox 1251 2345 1345 2400; x_wconf 80' lang='lat' dir='ltr'>per</span> <span class='ocrx_word' id='word_1_195' title='bbox 1387 2345 1440 2381; x_wconf 86' lang='lat' dir='ltr'>os</span> <span class='ocrx_word' id='word_1_196' title='bbox 1482 2346 1651 2381; x_wconf 77' lang='lat' dir='ltr'>meum</span> <span class='ocrx_word' id='word_1_197' title='bbox 1693 2327 1881 2382; x_wconf 79' lang='lat' dir='ltr'>audire</span> 
     </span>
     <span class='ocr_line' id='line_1_26' title="bbox 148 2419 1883 2496; baseline 0.002 -22"><span class='ocrx_word' id='word_1_198' title='bbox 148 2432 353 2492; x_wconf 61' lang='lat' dir='ltr'>yentes2</span> <span class='ocrx_word' id='word_1_199' title='bbox 407 2432 452 2476; x_wconf 80' lang='lat' dir='ltr'>ec</span> <span class='ocrx_word' id='word_1_200' title='bbox 502 2422 728 2479; x_wconf 78' lang='lat' dir='ltr'>credere.</span> <span class='ocrx_word' id='word_1_201' title='bbox 790 2419 908 2477; x_wconf 91' lang='lat' dir='ltr'>Non</span> <span class='ocrx_word' id='word_1_202' title='bbox 961 2421 1092 2477; x_wconf 80' lang='lat' dir='ltr'>dixit</span> <span class='ocrx_word' id='word_1_203' title='bbox 1135 2441 1224 2496; x_wconf 82' lang='lat' dir='ltr'>per</span> <span class='ocrx_word' id='word_1_204' title='bbox 1266 2442 1322 2478; x_wconf 92' lang='lat' dir='ltr'>os</span> <span class='ocrx_word' id='word_1_205' title='bbox 1366 2441 1531 2477; x_wconf 91' lang='lat' dir='ltr'>meum</span> <span class='ocrx_word' id='word_1_206' title='bbox 1576 2420 1790 2491; x_wconf 77' lang='lat' dir='ltr'>audire,</span> <span class='ocrx_word' id='word_1_207' title='bbox 1835 2434 1883 2477; x_wconf 89' lang='lat' dir='ltr'>et</span> 
     </span>
     <span class='ocr_line' id='line_1_27' title="bbox 152 2514 1881 2592; baseline 0.001 -22"><span class='ocrx_word' id='word_1_208' title='bbox 152 2514 409 2572; x_wconf 85' lang='lat' dir='ltr'>Ecclesiae</span> <span class='ocrx_word' id='word_1_209' title='bbox 459 2517 535 2572; x_wconf 90' lang='lat' dir='ltr'>vel</span> <span class='ocrx_word' id='word_1_210' title='bbox 577 2514 938 2592; x_wconf 85' lang='lat' dir='ltr'>Apostolorum</span> <span class='ocrx_word' id='word_1_211' title='bbox 981 2536 1278 2573; x_wconf 87' lang='lat' dir='ltr'>consensum</span> <span class='ocrx_word' id='word_1_212' title='bbox 1323 2528 1614 2590; x_wconf 80' lang='lat' dir='ltr'>expectare,</span> <span class='ocrx_word' id='word_1_213' title='bbox 1658 2515 1747 2571; x_wconf 91' lang='lat' dir='ltr'>sed</span> <span class='ocrx_word' id='word_1_214' title='bbox 1791 2534 1881 2571; x_wconf 78' lang='lat' dir='ltr'>AU-</span> 
     </span>
     <span class='ocr_line' id='line_1_28' title="bbox 154 2628 661 2668; baseline 0.004 -3"><span class='ocrx_word' id='word_1_215' title='bbox 154 2628 268 2666; x_wconf 73' lang='lat' dir='ltr'>Dnffl</span> <span class='ocrx_word' id='word_1_216' title='bbox 312 2631 374 2666; x_wconf 82' lang='lat' dir='ltr'>ET</span> <span class='ocrx_word' id='word_1_217' title='bbox 415 2630 661 2668; x_wconf 81' lang='lat' dir='ltr'><strong>GREDERE.</strong></span> 
     </span>
    </p>

    <p class='ocr_par' dir='ltr' id='par_1_4' title="bbox 154 2703 1877 2874">
     <span class='ocr_line' id='line_1_29' title="bbox 233 2703 1877 2779; baseline 0.001 -19"><span class='ocrx_word' id='word_1_218' title='bbox 233 2703 371 2760; x_wconf 88' lang='lat' dir='ltr'>Haec</span> <span class='ocrx_word' id='word_1_219' title='bbox 415 2705 622 2779; x_wconf 86' lang='lat' dir='ltr'>quidem</span> <span class='ocrx_word' id='word_1_220' title='bbox 665 2705 726 2761; x_wconf 90' lang='lat' dir='ltr'>de</span> <span class='ocrx_word' id='word_1_221' title='bbox 753 2704 1018 2762; x_wconf 86' lang='lat' dir='ltr'>Pontificis</span> <span class='ocrx_word' id='word_1_222' title='bbox 1046 2705 1410 2762; x_wconf 86' lang='lat' dir='ltr'>infallibilitate</span> <span class='ocrx_word' id='word_1_223' title='bbox 1437 2705 1678 2759; x_wconf 84' lang='lat' dir='ltr'>sententia</span> <span class='ocrx_word' id='word_1_224' title='bbox 1707 2703 1877 2761; x_wconf 86' lang='lat' dir='ltr'>multis</span> 
     </span>
     <span class='ocr_line' id='line_1_30' title="bbox 154 2795 1876 2874; baseline 0.001 -22"><span class='ocrx_word' id='word_1_225' title='bbox 154 2795 427 2854; x_wconf 85' lang='lat' dir='ltr'>Sacrarum</span> <span class='ocrx_word' id='word_1_226' title='bbox 461 2798 860 2874; x_wconf 80' lang='lat' dir='ltr'>Scripturartun,</span> <span class='ocrx_word' id='word_1_227' title='bbox 886 2813 933 2856; x_wconf 94' lang='lat' dir='ltr'>et</span> <span class='ocrx_word' id='word_1_228' title='bbox 975 2799 1277 2857; x_wconf 87' lang='lat' dir='ltr'>Sanctorum</span> <span class='ocrx_word' id='word_1_229' title='bbox 1320 2798 1530 2853; x_wconf 86' lang='lat' dir='ltr'>Patrum</span> <span class='ocrx_word' id='word_1_230' title='bbox 1576 2799 1876 2854; x_wconf 84' lang='lat' dir='ltr'>testimoniis</span> 
     </span>
    </p>
   </div>
   <div class='ocr_carea' id='block_1_4' title="bbox 158 2891 1877 3040">
    <p class='ocr_par' dir='ltr' id='par_1_5' title="bbox 158 2891 1877 3040">
     <span class='ocr_line' id='line_1_31' title="bbox 158 2891 1877 2966; baseline 0.001 -20"><span class='ocrx_word' id='word_1_231' title='bbox 158 2891 560 2964; x_wconf 55' lang='lat' dir='ltr'>demonstratum</span> <span class='ocrx_word' id='word_1_232' title='bbox 602 2912 701 2966; x_wconf 87' lang='lat' dir='ltr'>qua</span> <span class='ocrx_word' id='word_1_233' title='bbox 745 2894 807 2949; x_wconf 92' lang='lat' dir='ltr'>de</span> <span class='ocrx_word' id='word_1_234' title='bbox 843 2914 895 2950; x_wconf 89' lang='lat' dir='ltr'>re</span> <span class='ocrx_word' id='word_1_235' title='bbox 920 2892 1171 2965; x_wconf 83' lang='lat' dir='ltr'>Theologi</span> <span class='ocrx_word' id='word_1_236' title='bbox 1199 2894 1444 2950; x_wconf 86' lang='lat' dir='ltr'>disserere</span> <span class='ocrx_word' id='word_1_237' title='bbox 1471 2893 1674 2966; x_wconf 87' lang='lat' dir='ltr'>copiose</span> <span class='ocrx_word' id='word_1_238' title='bbox 1700 2892 1877 2949; x_wconf 85' lang='lat' dir='ltr'>solent.</span> 
     </span>
     <span class='ocr_line' id='line_1_32' title="bbox 1368 2987 1439 3040; baseline 0 -23"><span class='ocrx_word' id='word_1_239' title='bbox 1368 2987 1439 3040; x_wconf 46' lang='lat'>5⁴&amp;-</span> 
     </span>
    </p>
   </div>
  </div>
 </body>
</html>
