2114 3289
340 106 409 156 7‘2
461 122 628 159 LIB.11.
651 122 696 158 C.
717 122 751 156 1.
776 121 835 156 DE
867 121 916 154 R.
947 118 1213 155 PONTIFICE
1241 120 1410 164 EJUSQ.
1434 119 1773 158 ADJUTORIBUS

252 227 366 302 quis
408 227 541 283 hunc
585 224 910 282 sufficientem
973 242 1270 280 consensum
1332 223 1565 282 fidelibus
1610 223 1978 297 annuntiabit?

253 319 464 396 Semper
513 322 682 393 itaque
740 317 793 372 in
852 318 1098 373 sententia
1159 317 1567 375 adversariorum
1627 320 1768 377 locus
1830 320 1980 375 dubi-

251 415 394 472 tandi
436 425 565 470 esset
624 411 867 485 reliquus,
912 412 1054 483 cujus
1115 412 1448 468 dubitationis
1510 414 1674 470 nullus
1718 426 1792 470 est
1834 415 1980 470 insti-

255 521 389 565 tutus
446 507 622 578 judeX,
666 523 754 561 nec
814 506 1027 580 proinde
1081 504 1315 562 Christus
1377 505 1632 563 Eeclesiae
1676 528 1794 564 suae
1854 509 1977 563 satis

206 645 208 647 »
255 601 605 658 consuluisset.
651 598 796 668 Quas
858 601 923 656 ob
983 620 1061 656 res
1105 603 1148 655 si
1193 600 1257 655 ad
1302 599 1560 656 Ecclesiae
1621 604 1861 658 unitatem
1922 604 1974 657 in

257 695 354 750 fide
397 694 794 750 conservandam
837 693 1098 750 Primatus
1143 715 1171 750 a
1215 693 1423 751 Christo
1478 696 1671 770 positus
1732 696 1849 766 fuit,
1893 716 1977 751 ne-

255 808 391 846 cesse
451 787 675 863 profecto
736 800 847 858 est,
907 801 960 844 ut
1019 787 1259 845 Pontifex
1317 790 1368 843 in
1430 791 1536 844 suis
1597 789 1976 845 definitionibus

252 901 422 939 errare
464 901 564 939 non
606 884 787 956 possit,
829 895 876 939 et
918 884 1076 958 ipsius
1136 883 1351 958 proinde
1403 883 1653 954 judicium
1713 884 1980 940 christiani

254 996 447 1049 omneS,
490 988 537 1033 et
577 977 773 1050 judices
816 964 968 1034 etiam
1011 979 1232 1035 minores
1276 979 1419 1052 sequi
1462 977 1694 1035 debeant.

314 1139 430 1185 Vide
474 1138 806 1185 Bellarminum
842 1137 900 1184 de
948 1139 1080 1184 Rom.
1118 1138 1344 1184 Pontifice
1386 1137 1470 1184 lib.
1497 1138 1524 1182 4
1562 1150 1666 1196 cap.
1691 1137 1719 1182 3
1757 1144 1804 1184 et
1837 1150 1991 1196 seqq„

247 1221 551 1267 Melchiorem
575 1222 753 1267 Canum
777 1221 832 1267 de
849 1221 967 1266 locis
989 1220 1199 1279 theolog.
1218 1221 1299 1266 lib.
1324 1222 1373 1276 6,
1395 1221 1620 1267 Jacobum
1643 1221 1787 1278 Serry
1802 1221 1989 1266 dissert.

253 1302 298 1347 1.
336 1302 393 1347 de
428 1303 560 1347 Rom.
610 1300 785 1347 Pontif.
822 1301 923 1346 falti
960 1309 1006 1348 et
1042 1301 1204 1348 fallere
1240 1303 1421 1357 nescio,
1472 1302 1768 1349 Cardinalem
1803 1302 1992 1347 Orsium

248 1383 305 1429 de
341 1382 675 1430 irreformabili
700 1384 830 1429 Rom.
856 1383 1098 1430 pontificis
1122 1384 1171 1428 in
1194 1383 1475 1429 definiendis
1510 1384 1618 1429 fidei
1655 1382 1993 1430 controversiis

250 1462 452 1522 judicio,
477 1467 661 1511 Petrum
685 1466 991 1512 Ballerinium
1014 1466 1069 1513 de
1094 1467 1138 1511 vi
1163 1477 1217 1513 ac
1239 1465 1424 1512 ratione
1453 1466 1685 1512 primatus
1708 1467 1838 1512 Rom.
1871 1466 1997 1511 Pon-

250 1546 392 1592 tificis
427 1559 531 1605 cap.
577 1547 653 1592 15.

1028 1693 1075 1770 g.
1125 1700 1217 1753 21.

517 1849 603 1894 DE
654 1849 832 1895 JURE
884 1850 1283 1897 PRAVORUM
1333 1849 1727 1896 LIBRORUM

710 1959 1018 2006 LECTIONIS
1057 1960 1532 2006 INTERDICENDAE

342 2103 539 2179 Quiqui
581 2108 850 2180 imperium
892 2110 1022 2164 inter
1047 2109 1277 2164 homines
1322 2120 1505 2178 tenent,
1532 2127 1632 2164 non
1677 2107 1828 2163 modo
1871 2108 1984 2179 jure

262 2212 491 2274 possunt,
536 2220 707 2257 verum
767 2204 919 2258 etiam
981 2205 1174 2259 ratione
1237 2205 1480 2273 muneriS,
1542 2222 1642 2276 quo
1692 2202 1987 2274 funguntur,

263 2298 470 2354 omnino
514 2297 694 2353 debent
736 2318 793 2354 ea
837 2302 1006 2355 omnia
1050 2319 1305 2356 removere
1348 2312 1394 2355 et
1438 2300 1631 2370 tollere,
1675 2318 1802 2373 quae
1854 2317 1989 2353 com-

265 2393 497 2447 munitati
540 2391 753 2448 afferunt
795 2392 1168 2450 detrimentum.
1214 2393 1372 2468 Atqui
1417 2413 1562 2450 nemo
1605 2413 1704 2449 non
1747 2393 1984 2463 iutelligit

265 2498 506 2558 quantum
528 2485 864 2543 Societatibus
893 2500 1103 2542 noceant
1128 2488 1247 2543 libri
1278 2489 1418 2558 mali,
1440 2490 1525 2561 qui
1554 2508 1582 2543 a
1609 2489 1756 2543 rectis
1784 2486 1990 2541 creden-

265 2580 317 2634 di
364 2581 665 2654 vivendique
692 2582 877 2651 regulis
904 2581 1178 2651 abducunt,
1207 2602 1371 2638 mores
1399 2594 1746 2656 corrumpunt,
1773 2580 1990 2636 dissidia

267 2687 312 2729 et
354 2676 625 2731 seditiones
661 2676 900 2732 adversus
927 2677 1179 2747 legitimas
1214 2688 1482 2750 potestates
1511 2678 1782 2745 concitant,
1822 2677 1990 2730 omnia

268 2768 483 2842 denique
543 2770 717 2825 divina
761 2783 807 2825 et
849 2772 1068 2826 humana
1127 2772 1241 2842 jura
1303 2772 1533 2840 miscere,
1587 2770 1901 2844 perturbare,
1944 2780 1992 2823 et

269 2864 546 2919 convellere
587 2865 806 2935 student,
841 2867 910 2922 ita
939 2877 989 2921 ut
1022 2885 1120 2921 non
1164 2877 1345 2921 temere
1389 2864 1603 2934 dixeris,
1649 2863 1840 2919 nullum
1883 2863 1988 2934 jam

2000 165 2029 191 ,ι
