2114 3289
444 95 488 169 8.
517 119 569 154 x,
600 118 658 152 ne
686 116 834 151 Norls
861 115 1106 151 CANONUM
1136 113 1533 150 nocm'mconnn
1698 98 1759 147 21

210 224 386 277 Tertia
429 232 518 287 est,
561 220 604 272 si
647 219 703 273 in
747 236 826 272 eos
868 218 956 288 qui
999 217 1437 286 contradioeerint,
1500 216 1850 271 excommuni-

130 317 346 372 cationis
388 313 636 369 sententia
676 313 785 384 ipso
821 312 948 386 jure
1008 311 1224 382 feratur.
1288 310 1602 382 Eocemplum
1663 321 1729 363 est
1790 309 1851 363 de

130 410 396 466 haereticis
439 426 548 480 cop.
593 427 693 464 cun
735 425 992 475 GHRISTUS9
1038 416 1083 459 et
1125 423 1235 477 cop.
1281 425 1347 463 AD
1389 423 1715 461 AssoLENDAn.

210 507 410 568 Quarta
452 512 539 571 est,
583 501 624 555 si
667 501 972 572 quidquam,
1018 509 1107 552 aut
1151 517 1383 571 eoepresse
1428 509 1471 553 et
1492 497 1706 571 proprie
1735 496 1850 570 afi-

130 597 325 652 delibus
360 595 583 669 firmiter
626 594 960 661 credendum,
990 603 1078 647 aut
1108 603 1367 663 tamquam
1412 593 1597 664 doymo
1618 591 1743 665 fidei
1770 608 1852 644 cct-

127 691 341 746 thelicae
386 689 744 762 accipiendum
787 688 1015 755 dicatur,
1059 686 1137 741 cel
1197 687 1316 741 aliis
1376 686 1627 741 similibus
1691 684 1854 740 verbis

129 785 334 856 aliquid
377 801 474 838 esse
518 783 823 854 Evanyelz'O,
868 781 1190 837 doctrinaeve
1234 781 1591 854 Apostolorum
1652 790 1853 834 cont-rct-

127 881 283 934 rium.
329 878 574 945 Dicatur,
617 877 850 949 inqua-m,
895 895 1000 930 ‘non
1043 894 1110 931 eas
1172 876 1434 949 opinione,
1478 875 1564 929 sed
1623 885 1756 930 certo
1811 883 1855 928 et

122 974 273 1046 firmo
319 971 534 1028 decreto,

901 1128 946 1204 §.
997 1135 1086 1187 11.

395 1284 468 1330 DE
506 1281 893 1328 EXPOSITIONE
932 1280 1259 1327 EARUMDEM
1296 1280 1582 1326 NOTARUM

211 1446 311 1502 Sed
356 1464 536 1519 operae
578 1445 794 1518 pretium
848 1455 920 1499 est
981 1442 1183 1499 easdem
1244 1443 1443 1514 regulas
1505 1443 1722 1498 breviter
1772 1461 1857 1497 ex-

126 1540 350 1614 planare.
416 1537 589 1612 Itaque
649 1539 812 1612 prima
873 1538 1045 1608 regula
1106 1537 1382 1593 admodum
1435 1538 1700 1612 perspicua
1751 1549 1857 1592 est:

127 1633 215 1688 ubi
256 1635 389 1688 enim
433 1651 646 1688 canones
710 1632 899 1700 volunt,
961 1651 1044 1687 eos
1106 1633 1192 1705 qni
1235 1643 1409 1687 contra
1452 1632 1717 1700 senserint,
1762 1650 1852 1704 pro

126 1726 393 1783 haereticis
438 1726 636 1795 haberi,
680 1726 873 1780 nullum
935 1726 1144 1780 dubium
1206 1726 1524 1799 relinquitur,
1569 1727 1692 1799 quin
1731 1725 1856 1796 dog-

127 1822 299 1876 matici
337 1822 529 1876 censeri
556 1819 786 1875 debeant.
813 1817 1047 1876 Profecto
1076 1820 1186 1874 fieri
1213 1839 1310 1876 non
1338 1831 1517 1894 potest,
1546 1821 1667 1893 quin
1702 1839 1852 1874 cano-

126 1935 211 1971 nes
256 1916 532 1987 dogmatici
577 1917 695 1984 sint9
740 1915 922 1988 quibus
968 1917 1126 1990 turpis
1170 1917 1394 1971 haeresis
1439 1927 1555 1971 nota
1611 1914 1852 1970 adversus

127 2009 474 2066 dissentientes
517 2012 683 2065 inusta
726 2022 818 2078 est,
846 2009 1257 2083 quandoquidem
1303 2029 1446 2065 nemo
1492 2021 1652 2084 potest
1680 2010 1854 2064 haere-

125 2105 251 2159 ticus
293 2124 421 2173 esse,
465 2106 562 2159 nisi
604 2105 691 2176 qui
733 2104 981 2159 catholico
1026 2103 1252 2174 dogmati
1296 2103 1677 2159 contradixerit.

206 2196 438 2253 Secunda
498 2209 544 2252 et
605 2198 750 2251 tertia
811 2198 983 2267 regula
1039 2198 1134 2252 hoc
1178 2197 1329 2253 modo
1381 2198 1597 2269 intelligi
1651 2197 1853 2266 debent,

128 2311 304 2366 nempe
330 2311 565 2360 canoneS,
596 2293 646 2345 in
674 2292 856 2364 quibus
884 2293 1171 2361 anathema,
1202 2293 1276 2347 vel
1313 2293 1849 2347 excommunicationis

126 2406 286 2460 poena
330 2386 774 2454 indissentientes
820 2387 1084 2440 constituta
1130 2398 1222 2455 est,
1267 2399 1371 2441 tum
1399 2386 1614 2458 denique
1640 2385 1850 2455 dogma-

125 2482 250 2536 ticos
293 2500 420 2549 esse9
464 2481 507 2536 si
553 2482 605 2535 in
648 2480 719 2534 eis
763 2479 824 2533 de
863 2479 1008 2534 rebus
1055 2480 1172 2535 fidei
1203 2492 1401 2551 agatur3
1439 2478 1850 2553 quandoquidem

131 2576 282 2629 etiam
326 2593 560 2643 canones,
606 2575 691 2646 qui
735 2573 800 2627 ad
829 2573 980 2628 fidem
1009 2593 1106 2630 non
1143 2576 1409 2648 pertinent,
1436 2573 1610 2628 eadem
1647 2591 1850 2627 excom-

129 2671 482 2724 municationis
546 2688 704 2743 poena
769 2669 843 2723 vel
905 2670 1222 2724 anathemate
1283 2670 1469 2724 sanciri
1533 2667 1709 2722 solent.
1777 2666 1850 2723 lta

130 2783 342 2819 canones
387 2764 604 2821 Concilii
648 2763 869 2820 Romani
913 2766 1005 2820 sul)
1049 2763 1298 2836 Gregorio
1345 2763 1410 2820 ΙΙ.
1474 2764 1563 2818 lati
1630 2775 1742 2817 sunt
1803 2766 1855 2818 in

129 2858 259 2912 hunc
304 2860 524 2915 modum:
573 2860 630 2915 Si
674 2859 788 2931 quis
834 2870 1162 2914 commatrem
1205 2857 1521 2931 spiritualem
1556 2858 1772 2911 duxerit
1804 2859 1857 2912 itt

1342 2951 1410 3006 3¹3}-
