<?xml version="1.0" encoding="UTF-8"?>
<!DOCTYPE html PUBLIC "-//W3C//DTD XHTML 1.0 Transitional//EN"
    "http://www.w3.org/TR/xhtml1/DTD/xhtml1-transitional.dtd">
<html xmlns="http://www.w3.org/1999/xhtml" xml:lang="en" lang="en">
 <head>
  <title>
</title>
<meta http-equiv="Content-Type" content="text/html;charset=utf-8" />
  <meta name='ocr-system' content='tesseract 3.04.00' />
  <meta name='ocr-capabilities' content='ocr_page ocr_carea ocr_par ocr_line ocrx_word'/>
</head>
<body>
  <div class='ocr_page' id='page_1' title='image "./joanniscardinali00sogl_0097.png"; bbox 0 0 2114 3289; ppageno 0'>
   <div class='ocr_carea' id='block_1_1' title="bbox 216 122 1774 197">
    <p class='ocr_par' dir='ltr' id='par_1_1' title="bbox 216 122 1774 197">
     <span class='ocr_line' id='line_1_1' title="bbox 216 122 1774 197; baseline -0.004 -15"><span class='ocrx_word' id='word_1_1' title='bbox 216 122 262 197; x_wconf 57' lang='grc' dir='ltr'><strong>Ξ.</strong></span> <span class='ocrx_word' id='word_1_2' title='bbox 285 145 472 182; x_wconf 80' lang='lat' dir='ltr'><strong>xxxw.</strong></span> <span class='ocrx_word' id='word_1_3' title='bbox 507 144 566 179; x_wconf 85' lang='lat' dir='ltr'><strong>DE</strong></span> <span class='ocrx_word' id='word_1_4' title='bbox 597 142 944 179; x_wconf 74' lang='lat' dir='ltr'><strong>coNffluoRuiu</strong></span> <span class='ocrx_word' id='word_1_5' title='bbox 976 142 1225 178; x_wconf 78' lang='lat' dir='ltr'><strong>GENERAL.</strong></span> <span class='ocrx_word' id='word_1_6' title='bbox 1255 141 1656 179; x_wconf 79' lang='lat' dir='ltr'><strong>GONVOGATIONE</strong></span> <span class='ocrx_word' id='word_1_7' title='bbox 1706 127 1774 176; x_wconf 83' lang='lat'><strong>79</strong></span> 
     </span>
    </p>
   </div>
   <div class='ocr_carea' id='block_1_2' title="bbox 127 243 1866 1925">
    <p class='ocr_par' dir='ltr' id='par_1_2' title="bbox 127 243 1866 1925">
     <span class='ocr_line' id='line_1_2' title="bbox 133 243 1858 314; baseline -0.002 -12"><span class='ocrx_word' id='word_1_8' title='bbox 133 259 206 302; x_wconf 86' lang='lat' dir='ltr'><strong>est</strong></span> <span class='ocrx_word' id='word_1_9' title='bbox 265 267 327 302; x_wconf 83' lang='lat' dir='ltr'><strong>ex</strong></span> <span class='ocrx_word' id='word_1_10' title='bbox 385 245 584 301; x_wconf 85' lang='lat' dir='ltr'><strong>Summi</strong></span> <span class='ocrx_word' id='word_1_11' title='bbox 645 243 912 299; x_wconf 89' lang='lat' dir='ltr'><strong>Pontificis</strong></span> <span class='ocrx_word' id='word_1_12' title='bbox 973 246 1217 298; x_wconf 87' lang='lat' dir='ltr'><strong>sententia</strong></span> <span class='ocrx_word' id='word_1_13' title='bbox 1276 256 1322 298; x_wconf 89' lang='lat' dir='ltr'><strong>et</strong></span> <span class='ocrx_word' id='word_1_14' title='bbox 1381 262 1645 312; x_wconf 84' lang='lat' dir='ltr'><strong>consensu,</strong></span> <span class='ocrx_word' id='word_1_15' title='bbox 1717 245 1858 314; x_wconf 84' lang='lat' dir='ltr'><strong>cujus</strong></span> 
     </span>
     <span class='ocr_line' id='line_1_3' title="bbox 129 337 1861 413; baseline -0.002 -18"><span class='ocrx_word' id='word_1_16' title='bbox 129 340 334 413; x_wconf 86' lang='lat' dir='ltr'><strong>quidem</strong></span> <span class='ocrx_word' id='word_1_17' title='bbox 378 341 449 394; x_wconf 90' lang='lat' dir='ltr'><strong>rei</strong></span> <span class='ocrx_word' id='word_1_18' title='bbox 493 338 626 412; x_wconf 91' lang='lat' dir='ltr'><strong>apud</strong></span> <span class='ocrx_word' id='word_1_19' title='bbox 670 337 1060 405; x_wconf 87' lang='lat' dir='ltr'><strong>Bellarminum,</strong></span> <span class='ocrx_word' id='word_1_20' title='bbox 1122 337 1348 410; x_wconf 86' lang='lat' dir='ltr'><strong>aliosque</strong></span> <span class='ocrx_word' id='word_1_21' title='bbox 1409 337 1698 407; x_wconf 83' lang='lat' dir='ltr'><strong>Theologos</strong></span> <span class='ocrx_word' id='word_1_22' title='bbox 1752 358 1861 411; x_wconf 90' lang='lat' dir='ltr'><strong>per-</strong></span> 
     </span>
     <span class='ocr_line' id='line_1_4' title="bbox 129 429 1856 508; baseline -0.002 -19"><span class='ocrx_word' id='word_1_23' title='bbox 129 436 302 508; x_wconf 87' lang='lat' dir='ltr'><strong>spicua</strong></span> <span class='ocrx_word' id='word_1_24' title='bbox 359 435 644 489; x_wconf 88' lang='lat' dir='ltr'><strong>testimonia</strong></span> <span class='ocrx_word' id='word_1_25' title='bbox 713 434 1045 507; x_wconf 87' lang='lat' dir='ltr'><strong>reperiuntur.</strong></span> <span class='ocrx_word' id='word_1_26' title='bbox 1126 431 1450 506; x_wconf 73' lang='lat' dir='ltr'><strong>Quapropter</strong></span> <span class='ocrx_word' id='word_1_27' title='bbox 1508 452 1565 486; x_wconf 86' lang='lat' dir='ltr'><strong>ea</strong></span> <span class='ocrx_word' id='word_1_28' title='bbox 1626 429 1856 486; x_wconf 88' lang='lat' dir='ltr'><strong>Concilia</strong></span> 
     </span>
     <span class='ocr_line' id='line_1_5' title="bbox 147 527 1843 601; baseline -0.002 -17"><span class='ocrx_word' id='word_1_29' title='bbox 147 530 263 586; x_wconf 92' lang='lat' dir='ltr'><strong>ideo</strong></span> <span class='ocrx_word' id='word_1_30' title='bbox 306 531 534 600; x_wconf 82' lang='lat' dir='ltr'><strong>legitima</strong></span> <span class='ocrx_word' id='word_1_31' title='bbox 597 541 710 584; x_wconf 88' lang='lat' dir='ltr'><strong>sunt</strong></span> <span class='ocrx_word' id='word_1_32' title='bbox 755 529 962 595; x_wconf 84' lang='lat' dir='ltr'><strong>habita,</strong></span> <span class='ocrx_word' id='word_1_33' title='bbox 1009 527 1144 600; x_wconf 89' lang='lat' dir='ltr'><strong>quod</strong></span> <span class='ocrx_word' id='word_1_34' title='bbox 1190 527 1515 601; x_wconf 88' lang='lat' dir='ltr'><strong>Imperatoris</strong></span> <span class='ocrx_word' id='word_1_35' title='bbox 1577 527 1843 583; x_wconf 89' lang='lat' dir='ltr'><strong>consilium</strong></span> 
     </span>
     <span class='ocr_line' id='line_1_6' title="bbox 139 620 1861 697; baseline -0.002 -19"><span class='ocrx_word' id='word_1_36' title='bbox 139 621 336 678; x_wconf 85' lang='lat' dir='ltr'>Summi</span> <span class='ocrx_word' id='word_1_37' title='bbox 386 622 662 679; x_wconf 89' lang='lat' dir='ltr'><strong>Pontifices</strong></span> <span class='ocrx_word' id='word_1_38' title='bbox 706 623 1025 697; x_wconf 74' lang='lat' dir='ltr'>probarunt,</span> <span class='ocrx_word' id='word_1_39' title='bbox 1070 624 1413 694; x_wconf 83' lang='lat' dir='ltr'><strong>miseruntque</strong></span> <span class='ocrx_word' id='word_1_40' title='bbox 1473 620 1710 693; x_wconf 75' lang='lat' dir='ltr'><strong>LegatOS,</strong></span> <span class='ocrx_word' id='word_1_41' title='bbox 1774 622 1861 694; x_wconf 88' lang='lat' dir='ltr'><strong>qui</strong></span> 
     </span>
     <span class='ocr_line' id='line_1_7' title="bbox 130 715 1859 792; baseline -0.002 -19"><span class='ocrx_word' id='word_1_42' title='bbox 130 716 351 789; x_wconf 87' lang='lat' dir='ltr'><strong>Synodis</strong></span> <span class='ocrx_word' id='word_1_43' title='bbox 412 718 774 792; x_wconf 78' lang='lat' dir='ltr'><strong>praesiderent.</strong></span> <span class='ocrx_word' id='word_1_44' title='bbox 835 715 999 772; x_wconf 90' lang='lat' dir='ltr'><strong>Porro</strong></span> <span class='ocrx_word' id='word_1_45' title='bbox 1061 717 1183 770; x_wconf 91' lang='lat' dir='ltr'><strong>haec</strong></span> <span class='ocrx_word' id='word_1_46' title='bbox 1264 717 1520 788; x_wconf 86' lang='lat' dir='ltr'><strong>utriusque</strong></span> <span class='ocrx_word' id='word_1_47' title='bbox 1598 717 1859 789; x_wconf 85' lang='lat' dir='ltr'><strong>potestatis</strong></span> 
     </span>
     <span class='ocr_line' id='line_1_8' title="bbox 127 809 1859 880; baseline -0.002 -13"><span class='ocrx_word' id='word_1_48' title='bbox 127 812 495 867; x_wconf 87' lang='lat' dir='ltr'><strong>ecclesiasticae</strong></span> <span class='ocrx_word' id='word_1_49' title='bbox 537 823 583 866; x_wconf 90' lang='lat' dir='ltr'><strong>et</strong></span> <span class='ocrx_word' id='word_1_50' title='bbox 625 811 791 866; x_wconf 86' lang='lat' dir='ltr'><strong>civilis</strong></span> <span class='ocrx_word' id='word_1_51' title='bbox 836 811 1099 866; x_wconf 79' lang='lat' dir='ltr'><strong>consensio</strong></span> <span class='ocrx_word' id='word_1_52' title='bbox 1144 809 1469 880; x_wconf 87' lang='lat' dir='ltr'><strong>Synodorum</strong></span> <span class='ocrx_word' id='word_1_53' title='bbox 1533 810 1859 865; x_wconf 79' lang='lat' dir='ltr'><strong>celebrationi</strong></span> 
     </span>
     <span class='ocr_line' id='line_1_9' title="bbox 128 904 1862 979; baseline -0.001 -18"><span class='ocrx_word' id='word_1_54' title='bbox 128 909 313 962; x_wconf 90' lang='lat' dir='ltr'><strong>mirum</strong></span> <span class='ocrx_word' id='word_1_55' title='bbox 355 909 407 962; x_wconf 90' lang='lat' dir='ltr'><strong>in</strong></span> <span class='ocrx_word' id='word_1_56' title='bbox 450 907 658 963; x_wconf 88' lang='lat' dir='ltr'><strong>modum</strong></span> <span class='ocrx_word' id='word_1_57' title='bbox 701 905 922 975; x_wconf 87' lang='lat' dir='ltr'><strong>favebat,</strong></span> <span class='ocrx_word' id='word_1_58' title='bbox 965 917 1069 960; x_wconf 91' lang='lat' dir='ltr'><strong>tum</strong></span> <span class='ocrx_word' id='word_1_59' title='bbox 1130 907 1249 977; x_wconf 88' lang='lat' dir='ltr'><strong>quia</strong></span> <span class='ocrx_word' id='word_1_60' title='bbox 1310 906 1591 979; x_wconf 85' lang='lat' dir='ltr'><strong>paupertati</strong></span> <span class='ocrx_word' id='word_1_61' title='bbox 1650 904 1862 978; x_wconf 89' lang='lat' dir='ltr'><strong>Episco-</strong></span> 
     </span>
     <span class='ocr_line' id='line_1_10' title="bbox 127 998 1858 1074; baseline -0.002 -18"><span class='ocrx_word' id='word_1_62' title='bbox 127 1020 309 1074; x_wconf 91' lang='lat' dir='ltr'><strong>porum</strong></span> <span class='ocrx_word' id='word_1_63' title='bbox 352 1003 424 1057; x_wconf 90' lang='lat' dir='ltr'><strong>sic</strong></span> <span class='ocrx_word' id='word_1_64' title='bbox 469 999 848 1074; x_wconf 88' lang='lat' dir='ltr'><strong>quodammodo</strong></span> <span class='ocrx_word' id='word_1_65' title='bbox 893 999 1267 1068; x_wconf 73' lang='lat' dir='ltr'><strong>consulebatur,</strong></span> <span class='ocrx_word' id='word_1_66' title='bbox 1313 1000 1375 1054; x_wconf 91' lang='lat' dir='ltr'><strong>iis</strong></span> <span class='ocrx_word' id='word_1_67' title='bbox 1419 1000 1553 1053; x_wconf 91' lang='lat' dir='ltr'><strong>enim</strong></span> <span class='ocrx_word' id='word_1_68' title='bbox 1580 998 1858 1053; x_wconf 75' lang='lat' dir='ltr'><strong>tractoriae</strong></span> 
     </span>
     <span class='ocr_line' id='line_1_11' title="bbox 128 1093 1858 1169; baseline -0.002 -19"><span class='ocrx_word' id='word_1_69' title='bbox 128 1097 198 1150; x_wconf 87' lang='lat' dir='ltr'><strong>ita</strong></span> <span class='ocrx_word' id='word_1_70' title='bbox 241 1095 404 1150; x_wconf 90' lang='lat' dir='ltr'><strong>dictae</strong></span> <span class='ocrx_word' id='word_1_71' title='bbox 446 1095 687 1169; x_wconf 87' lang='lat' dir='ltr'><strong>epistolae</strong></span> <span class='ocrx_word' id='word_1_72' title='bbox 730 1093 1002 1162; x_wconf 86' lang='lat' dir='ltr'><strong>dabantur,</strong></span> <span class='ocrx_word' id='word_1_73' title='bbox 1048 1105 1099 1147; x_wconf 90' lang='lat' dir='ltr'><strong>ut</strong></span> <span class='ocrx_word' id='word_1_74' title='bbox 1142 1096 1211 1148; x_wconf 82' lang='lat' dir='ltr'><strong>eis</strong></span> <span class='ocrx_word' id='word_1_75' title='bbox 1260 1094 1490 1148; x_wconf 82' lang='lat' dir='ltr'><strong>vehicula</strong></span> <span class='ocrx_word' id='word_1_76' title='bbox 1552 1105 1598 1148; x_wconf 90' lang='lat' dir='ltr'><strong>et</strong></span> <span class='ocrx_word' id='word_1_77' title='bbox 1659 1112 1858 1149; x_wconf 88' lang='lat' dir='ltr'><strong>annona</strong></span> 
     </span>
     <span class='ocr_line' id='line_1_12' title="bbox 129 1188 1859 1264; baseline -0.002 -19"><span class='ocrx_word' id='word_1_78' title='bbox 129 1190 346 1264; x_wconf 89' lang='lat' dir='ltr'><strong>publicis</strong></span> <span class='ocrx_word' id='word_1_79' title='bbox 388 1190 629 1264; x_wconf 84' lang='lat' dir='ltr'><strong>impensis</strong></span> <span class='ocrx_word' id='word_1_80' title='bbox 673 1188 1096 1263; x_wconf 74' lang='lat' dir='ltr'><strong>suppeditaretur,</strong></span> <span class='ocrx_word' id='word_1_81' title='bbox 1141 1200 1246 1242; x_wconf 89' lang='lat' dir='ltr'><strong>tum</strong></span> <span class='ocrx_word' id='word_1_82' title='bbox 1290 1189 1441 1242; x_wconf 90' lang='lat' dir='ltr'><strong>etiam</strong></span> <span class='ocrx_word' id='word_1_83' title='bbox 1485 1190 1603 1260; x_wconf 82' lang='lat' dir='ltr'><strong>quia</strong></span> <span class='ocrx_word' id='word_1_84' title='bbox 1640 1188 1859 1242; x_wconf 85' lang='lat' dir='ltr'><strong>indictae</strong></span> 
     </span>
     <span class='ocr_line' id='line_1_13' title="bbox 130 1281 1862 1357; baseline -0.003 -18"><span class='ocrx_word' id='word_1_85' title='bbox 130 1282 326 1354; x_wconf 87' lang='lat' dir='ltr'><strong>Synodi</strong></span> <span class='ocrx_word' id='word_1_86' title='bbox 369 1282 735 1357; x_wconf 86' lang='lat' dir='ltr'><strong>Imperatorum</strong></span> <span class='ocrx_word' id='word_1_87' title='bbox 779 1282 931 1336; x_wconf 87' lang='lat' dir='ltr'><strong>tutela</strong></span> <span class='ocrx_word' id='word_1_88' title='bbox 975 1283 1196 1336; x_wconf 87' lang='lat' dir='ltr'><strong>munitae</strong></span> <span class='ocrx_word' id='word_1_89' title='bbox 1238 1282 1483 1355; x_wconf 88' lang='lat' dir='ltr'><strong>placatius</strong></span> <span class='ocrx_word' id='word_1_90' title='bbox 1537 1281 1862 1335; x_wconf 87' lang='lat' dir='ltr'><strong>celebraban-</strong></span> 
     </span>
     <span class='ocr_line' id='line_1_14' title="bbox 129 1373 1862 1449; baseline -0.001 -17"><span class='ocrx_word' id='word_1_91' title='bbox 129 1389 228 1447; x_wconf 89' lang='lat' dir='ltr'><strong>tur,</strong></span> <span class='ocrx_word' id='word_1_92' title='bbox 271 1396 542 1449; x_wconf 87' lang='lat' dir='ltr'><strong>earumque</strong></span> <span class='ocrx_word' id='word_1_93' title='bbox 585 1376 783 1431; x_wconf 87' lang='lat' dir='ltr'><strong>decreta</strong></span> <span class='ocrx_word' id='word_1_94' title='bbox 827 1375 1191 1449; x_wconf 78' lang='lat' dir='ltr'><strong>expeditiorem</strong></span> <span class='ocrx_word' id='word_1_95' title='bbox 1218 1375 1475 1430; x_wconf 87' lang='lat' dir='ltr'><strong>habebant</strong></span> <span class='ocrx_word' id='word_1_96' title='bbox 1518 1376 1728 1431; x_wconf 79' lang='lat' dir='ltr'><strong>exitum.</strong></span> <span class='ocrx_word' id='word_1_97' title='bbox 1758 1373 1862 1430; x_wconf 88' lang='lat' dir='ltr'><strong>lta-</strong></span> 
     </span>
     <span class='ocr_line' id='line_1_15' title="bbox 131 1468 1866 1544; baseline -0.001 -19"><span class='ocrx_word' id='word_1_98' title='bbox 131 1490 227 1544; x_wconf 88' lang='lat' dir='ltr'><strong>que</strong></span> <span class='ocrx_word' id='word_1_99' title='bbox 259 1471 530 1525; x_wconf 89' lang='lat' dir='ltr'><strong>auctoritas</strong></span> <span class='ocrx_word' id='word_1_100' title='bbox 575 1469 929 1525; x_wconf 87' lang='lat' dir='ltr'><strong>convocandae</strong></span> <span class='ocrx_word' id='word_1_101' title='bbox 955 1469 1204 1540; x_wconf 83' lang='lat' dir='ltr'><strong>generalis</strong></span> <span class='ocrx_word' id='word_1_102' title='bbox 1237 1468 1434 1540; x_wconf 77' lang='lat' dir='ltr'><strong>Synodi</strong></span> <span class='ocrx_word' id='word_1_103' title='bbox 1467 1469 1532 1523; x_wconf 88' lang='lat' dir='ltr'><strong>ad</strong></span> <span class='ocrx_word' id='word_1_104' title='bbox 1562 1468 1866 1524; x_wconf 82' lang='lat' dir='ltr'><strong>Pontificem</strong></span> 
     </span>
     <span class='ocr_line' id='line_1_16' title="bbox 129 1565 1859 1642; baseline -0.001 -20"><span class='ocrx_word' id='word_1_105' title='bbox 129 1567 430 1642; x_wconf 76' lang='lat' dir='ltr'><strong>pertinebat,</strong></span> <span class='ocrx_word' id='word_1_106' title='bbox 483 1568 700 1621; x_wconf 81' lang='lat' dir='ltr'><strong>exterius</strong></span> <span class='ocrx_word' id='word_1_107' title='bbox 752 1578 918 1621; x_wconf 91' lang='lat' dir='ltr'><strong>autem</strong></span> <span class='ocrx_word' id='word_1_108' title='bbox 978 1566 1290 1640; x_wconf 86' lang='lat' dir='ltr'><strong>praesidium</strong></span> <span class='ocrx_word' id='word_1_109' title='bbox 1352 1567 1416 1621; x_wconf 89' lang='lat' dir='ltr'><strong>ad</strong></span> <span class='ocrx_word' id='word_1_110' title='bbox 1480 1565 1859 1640; x_wconf 83' lang='lat' dir='ltr'><strong>Imperatorem:</strong></span> 
     </span>
     <span class='ocr_line' id='line_1_17' title="bbox 130 1660 1860 1734; baseline -0.001 -16"><span class='ocrx_word' id='word_1_111' title='bbox 130 1663 218 1718; x_wconf 90' lang='lat' dir='ltr'><strong>illa</strong></span> <span class='ocrx_word' id='word_1_112' title='bbox 262 1662 326 1717; x_wconf 89' lang='lat' dir='ltr'><strong>ad</strong></span> <span class='ocrx_word' id='word_1_113' title='bbox 369 1660 670 1717; x_wconf 81' lang='lat' dir='ltr'><strong>Pontificem</strong></span> <span class='ocrx_word' id='word_1_114' title='bbox 730 1672 920 1734; x_wconf 89' lang='lat' dir='ltr'><strong>spectat</strong></span> <span class='ocrx_word' id='word_1_115' title='bbox 981 1662 1173 1715; x_wconf 88' lang='lat' dir='ltr'><strong>ratione</strong></span> <span class='ocrx_word' id='word_1_116' title='bbox 1235 1660 1493 1717; x_wconf 88' lang='lat' dir='ltr'><strong>Primatus</strong></span> <span class='ocrx_word' id='word_1_117' title='bbox 1547 1661 1860 1732; x_wconf 84' lang='lat' dir='ltr'><strong>jurisdictio-</strong></span> 
     </span>
     <span class='ocr_line' id='line_1_18' title="bbox 130 1754 1858 1830; baseline -0.001 -18"><span class='ocrx_word' id='word_1_118' title='bbox 130 1759 208 1813; x_wconf 90' lang='lat' dir='ltr'><strong>nis</strong></span> <span class='ocrx_word' id='word_1_119' title='bbox 249 1759 303 1812; x_wconf 89' lang='lat' dir='ltr'><strong>in</strong></span> <span class='ocrx_word' id='word_1_120' title='bbox 347 1758 635 1812; x_wconf 87' lang='lat' dir='ltr'><strong>universam</strong></span> <span class='ocrx_word' id='word_1_121' title='bbox 679 1755 980 1824; x_wconf 72' lang='lat' dir='ltr'><strong>Ecclesiam,</strong></span> <span class='ocrx_word' id='word_1_122' title='bbox 1034 1756 1129 1811; x_wconf 90' lang='lat' dir='ltr'><strong>hoc</strong></span> <span class='ocrx_word' id='word_1_123' title='bbox 1193 1775 1309 1811; x_wconf 80' lang='lat' dir='ltr'><strong>vero</strong></span> <span class='ocrx_word' id='word_1_124' title='bbox 1371 1755 1435 1809; x_wconf 89' lang='lat' dir='ltr'><strong>ad</strong></span> <span class='ocrx_word' id='word_1_125' title='bbox 1497 1754 1858 1830; x_wconf 85' lang='lat' dir='ltr'><strong>Imperatorem</strong></span> 
     </span>
     <span class='ocr_line' id='line_1_19' title="bbox 132 1850 1854 1925; baseline -0.001 -18"><span class='ocrx_word' id='word_1_126' title='bbox 132 1853 324 1907; x_wconf 90' lang='lat' dir='ltr'><strong>ratione</strong></span> <span class='ocrx_word' id='word_1_127' title='bbox 368 1852 539 1920; x_wconf 90' lang='lat' dir='ltr'><strong>officii,</strong></span> <span class='ocrx_word' id='word_1_128' title='bbox 583 1850 718 1924; x_wconf 89' lang='lat' dir='ltr'><strong>quod</strong></span> <span class='ocrx_word' id='word_1_129' title='bbox 761 1852 859 1925; x_wconf 89' lang='lat' dir='ltr'><strong>ipsi</strong></span> <span class='ocrx_word' id='word_1_130' title='bbox 902 1851 1148 1906; x_wconf 87' lang='lat' dir='ltr'><strong>incumbit</strong></span> <span class='ocrx_word' id='word_1_131' title='bbox 1190 1850 1445 1905; x_wconf 86' lang='lat' dir='ltr'><strong>Ecclesiae</strong></span> <span class='ocrx_word' id='word_1_132' title='bbox 1493 1850 1854 1907; x_wconf 88' lang='lat' dir='ltr'><strong>defendendae.</strong></span> 
     </span>
    </p>
   </div>
   <div class='ocr_carea' id='block_1_3' title="bbox 0 2080 1867 2945">
    <p class='ocr_par' dir='ltr' id='par_1_3' title="bbox 120 2080 1867 2713">
     <span class='ocr_line' id='line_1_20' title="bbox 190 2080 1861 2139; baseline -0.001 -13"><span class='ocrx_word' id='word_1_133' title='bbox 190 2081 502 2127; x_wconf 86' lang='lat' dir='ltr'><strong>Bellarminus</strong></span> <span class='ocrx_word' id='word_1_134' title='bbox 537 2081 620 2126; x_wconf 88' lang='lat' dir='ltr'><strong>lib.</strong></span> <span class='ocrx_word' id='word_1_135' title='bbox 656 2081 672 2126; x_wconf 88' lang='lat'>1</span> <span class='ocrx_word' id='word_1_136' title='bbox 709 2081 764 2127; x_wconf 90' lang='lat' dir='ltr'><strong>de</strong></span> <span class='ocrx_word' id='word_1_137' title='bbox 801 2082 945 2127; x_wconf 88' lang='lat' dir='ltr'><strong>Cone.</strong></span> <span class='ocrx_word' id='word_1_138' title='bbox 971 2094 1074 2139; x_wconf 87' lang='lat' dir='ltr'><strong>cap.</strong></span> <span class='ocrx_word' id='word_1_139' title='bbox 1105 2081 1162 2125; x_wconf 75' lang='lat'><strong>14</strong></span> <span class='ocrx_word' id='word_1_140' title='bbox 1202 2081 1257 2126; x_wconf 84' lang='lat' dir='ltr'><strong>ad</strong></span> <span class='ocrx_word' id='word_1_141' title='bbox 1294 2080 1550 2126; x_wconf 88' lang='lat' dir='ltr'><strong>secundum</strong></span> <span class='ocrx_word' id='word_1_142' title='bbox 1588 2087 1634 2126; x_wconf 87' lang='lat' dir='ltr'><strong>et</strong></span> <span class='ocrx_word' id='word_1_143' title='bbox 1668 2081 1861 2126; x_wconf 84' lang='lat' dir='ltr'><strong>tertium</strong></span> 
     </span>
     <span class='ocr_line' id='line_1_21' title="bbox 121 2162 1867 2226; baseline -0.001 -17"><span class='ocrx_word' id='word_1_144' title='bbox 121 2164 314 2210; x_wconf 85' lang='lat' dir='ltr'><strong>dubium</strong></span> <span class='ocrx_word' id='word_1_145' title='bbox 350 2165 620 2222; x_wconf 83' lang='lat' dir='ltr'><strong>respondet,</strong></span> <span class='ocrx_word' id='word_1_146' title='bbox 645 2162 698 2208; x_wconf 82' lang='lat' dir='ltr'><strong>in</strong></span> <span class='ocrx_word' id='word_1_147' title='bbox 721 2162 852 2209; x_wconf 73' lang='lat' dir='ltr'><strong>nullo</strong></span> <span class='ocrx_word' id='word_1_148' title='bbox 888 2178 999 2210; x_wconf 85' lang='lat' dir='ltr'><strong>casu</strong></span> <span class='ocrx_word' id='word_1_149' title='bbox 1024 2164 1124 2210; x_wconf 84' lang='lat' dir='ltr'><strong>siue</strong></span> <span class='ocrx_word' id='word_1_150' title='bbox 1160 2162 1409 2226; x_wconf 80' lang='lat' dir='ltr'><strong>Pontificis</strong></span> <span class='ocrx_word' id='word_1_151' title='bbox 1438 2163 1722 2209; x_wconf 81' lang='lat' dir='ltr'><strong>auctoritate</strong></span> <span class='ocrx_word' id='word_1_152' title='bbox 1752 2177 1867 2224; x_wconf 79' lang='lat' dir='ltr'><strong>pos-</strong></span> 
     </span>
     <span class='ocr_line' id='line_1_22' title="bbox 123 2243 1862 2307; baseline 0 -16"><span class='ocrx_word' id='word_1_153' title='bbox 123 2259 168 2291; x_wconf 85' lang='lat' dir='ltr'><strong>se</strong></span> <span class='ocrx_word' id='word_1_154' title='bbox 217 2243 465 2290; x_wconf 79' lang='lat' dir='ltr'><strong>convocari</strong></span> <span class='ocrx_word' id='word_1_155' title='bbox 510 2258 671 2290; x_wconf 68' lang='lat' dir='ltr'><strong>verum</strong></span> <span class='ocrx_word' id='word_1_156' title='bbox 720 2251 762 2291; x_wconf 84' lang='lat' dir='ltr'><strong>et</strong></span> <span class='ocrx_word' id='word_1_157' title='bbox 808 2245 1065 2307; x_wconf 79' lang='lat' dir='ltr'><strong>perfectum</strong></span> <span class='ocrx_word' id='word_1_158' title='bbox 1114 2244 1395 2303; x_wconf 77' lang='lat' dir='ltr'><strong>Concilium,</strong></span> <span class='ocrx_word' id='word_1_159' title='bbox 1431 2243 1484 2291; x_wconf 87' lang='lat' dir='ltr'><strong>de</strong></span> <span class='ocrx_word' id='word_1_160' title='bbox 1519 2260 1606 2305; x_wconf 83' lang='lat' dir='ltr'><strong>quo</strong></span> <span class='ocrx_word' id='word_1_161' title='bbox 1656 2244 1731 2290; x_wconf 73' lang='lat' dir='ltr'><strong>liic</strong></span> <span class='ocrx_word' id='word_1_162' title='bbox 1779 2261 1862 2291; x_wconf 80' lang='lat' dir='ltr'><strong>uos</strong></span> 
     </span>
     <span class='ocr_line' id='line_1_23' title="bbox 121 2323 1866 2389; baseline -0.001 -18"><span class='ocrx_word' id='word_1_163' title='bbox 121 2323 434 2387; x_wconf 78' lang='lat' dir='ltr'><strong>disputamus,</strong></span> <span class='ocrx_word' id='word_1_164' title='bbox 472 2323 592 2386; x_wconf 83' lang='lat' dir='ltr'><strong>quod</strong></span> <span class='ocrx_word' id='word_1_165' title='bbox 626 2324 841 2372; x_wconf 69' lang='lat' dir='ltr'><strong>videlicet</strong></span> <span class='ocrx_word' id='word_1_166' title='bbox 876 2326 1208 2372; x_wconf 81' lang='lat' dir='ltr'><strong>auctoritatem</strong></span> <span class='ocrx_word' id='word_1_167' title='bbox 1243 2326 1376 2372; x_wconf 75' lang='lat' dir='ltr'><strong>habet</strong></span> <span class='ocrx_word' id='word_1_168' title='bbox 1424 2324 1681 2389; x_wconf 83' lang='lat' dir='ltr'><strong>definiendi</strong></span> <span class='ocrx_word' id='word_1_169' title='bbox 1723 2341 1866 2387; x_wconf 82' lang='lat' dir='ltr'><strong>quae-</strong></span> 
     </span>
     <span class='ocr_line' id='line_1_24' title="bbox 120 2405 1863 2469; baseline -0.001 -16"><span class='ocrx_word' id='word_1_170' title='bbox 120 2405 294 2453; x_wconf 81' lang='lat' dir='ltr'><strong>stiones</strong></span> <span class='ocrx_word' id='word_1_171' title='bbox 327 2405 454 2469; x_wconf 83' lang='lat' dir='ltr'><strong>sidei.</strong></span> <span class='ocrx_word' id='word_1_172' title='bbox 495 2406 757 2468; x_wconf 78' lang='lat' dir='ltr'><strong>Praecipua</strong></span> <span class='ocrx_word' id='word_1_173' title='bbox 792 2406 916 2454; x_wconf 82' lang='lat' dir='ltr'><strong>enim</strong></span> <span class='ocrx_word' id='word_1_174' title='bbox 949 2408 1214 2453; x_wconf 78' lang='lat' dir='ltr'><strong>auctoritas</strong></span> <span class='ocrx_word' id='word_1_175' title='bbox 1250 2412 1316 2454; x_wconf 84' lang='lat' dir='ltr'><strong>est</strong></span> <span class='ocrx_word' id='word_1_176' title='bbox 1351 2407 1404 2453; x_wconf 84' lang='lat' dir='ltr'><strong>in</strong></span> <span class='ocrx_word' id='word_1_177' title='bbox 1448 2407 1629 2469; x_wconf 75' lang='lat' dir='ltr'><strong>Capite,</strong></span> <span class='ocrx_word' id='word_1_178' title='bbox 1666 2407 1760 2453; x_wconf 74' lang='lat' dir='ltr'><strong>sice</strong></span> <span class='ocrx_word' id='word_1_179' title='bbox 1810 2407 1863 2452; x_wconf 83' lang='lat' dir='ltr'><strong>iu</strong></span> 
     </span>
     <span class='ocr_line' id='line_1_25' title="bbox 123 2486 1859 2553; baseline 0.001 -20"><span class='ocrx_word' id='word_1_180' title='bbox 123 2489 285 2546; x_wconf 81' lang='lat' dir='ltr'><strong>Petro,</strong></span> <span class='ocrx_word' id='word_1_181' title='bbox 322 2487 400 2534; x_wconf 85' lang='lat' dir='ltr'><strong>cui</strong></span> <span class='ocrx_word' id='word_1_182' title='bbox 435 2488 718 2548; x_wconf 81' lang='lat' dir='ltr'><strong>imperatum</strong></span> <span class='ocrx_word' id='word_1_183' title='bbox 754 2495 842 2547; x_wconf 82' lang='lat' dir='ltr'><strong>est,</strong></span> <span class='ocrx_word' id='word_1_184' title='bbox 891 2496 943 2535; x_wconf 82' lang='lat' dir='ltr'><strong>ut</strong></span> <span class='ocrx_word' id='word_1_185' title='bbox 991 2489 1233 2553; x_wconf 79' lang='lat' dir='ltr'><strong>confirmet</strong></span> <span class='ocrx_word' id='word_1_186' title='bbox 1268 2489 1444 2551; x_wconf 87' lang='lat' dir='ltr'><strong>fratres</strong></span> <span class='ocrx_word' id='word_1_187' title='bbox 1492 2503 1617 2543; x_wconf 83' lang='lat' dir='ltr'><strong>suos,</strong></span> <span class='ocrx_word' id='word_1_188' title='bbox 1667 2494 1709 2534; x_wconf 81' lang='lat' dir='ltr'><strong>et</strong></span> <span class='ocrx_word' id='word_1_189' title='bbox 1757 2486 1859 2534; x_wconf 84' lang='lat' dir='ltr'><strong>ideo</strong></span> 
     </span>
     <span class='ocr_line' id='line_1_26' title="bbox 121 2565 1856 2633; baseline -0.001 -19"><span class='ocrx_word' id='word_1_190' title='bbox 121 2568 262 2614; x_wconf 81' lang='lat' dir='ltr'><strong>etiam</strong></span> <span class='ocrx_word' id='word_1_191' title='bbox 293 2584 380 2630; x_wconf 85' lang='lat' dir='ltr'><strong>pro</strong></span> <span class='ocrx_word' id='word_1_192' title='bbox 416 2584 465 2615; x_wconf 88' lang='lat' dir='ltr'><strong>eo</strong></span> <span class='ocrx_word' id='word_1_193' title='bbox 489 2570 719 2615; x_wconf 79' lang='lat' dir='ltr'><strong>Dominus</strong></span> <span class='ocrx_word' id='word_1_194' title='bbox 743 2570 920 2628; x_wconf 77' lang='lat' dir='ltr'><strong>oravit,</strong></span> <span class='ocrx_word' id='word_1_195' title='bbox 945 2586 1000 2617; x_wconf 77' lang='lat' dir='ltr'><strong>ne</strong></span> <span class='ocrx_word' id='word_1_196' title='bbox 1037 2569 1249 2633; x_wconf 82' lang='lat' dir='ltr'><strong>deficeret</strong></span> <span class='ocrx_word' id='word_1_197' title='bbox 1272 2569 1383 2632; x_wconf 86' lang='lat' dir='ltr'><strong>fides</strong></span> <span class='ocrx_word' id='word_1_198' title='bbox 1419 2570 1521 2632; x_wconf 82' lang='lat' dir='ltr'><strong>ejus</strong></span> <span class='ocrx_word' id='word_1_199' title='bbox 1555 2566 1706 2630; x_wconf 82' lang='lat' dir='ltr'><strong>(Luc.</strong></span> <span class='ocrx_word' id='word_1_200' title='bbox 1734 2565 1856 2629; x_wconf 83' lang='lat'><strong>22).</strong></span> 
     </span>
     <span class='ocr_line' id='line_1_27' title="bbox 122 2649 1862 2713; baseline 0.001 -19"><span class='ocrx_word' id='word_1_201' title='bbox 122 2649 303 2696; x_wconf 81' lang='lat' dir='ltr'><strong>Poterit</strong></span> <span class='ocrx_word' id='word_1_202' title='bbox 341 2657 495 2697; x_wconf 83' lang='lat' dir='ltr'><strong>tamen</strong></span> <span class='ocrx_word' id='word_1_203' title='bbox 533 2651 586 2697; x_wconf 81' lang='lat' dir='ltr'><strong>in</strong></span> <span class='ocrx_word' id='word_1_204' title='bbox 634 2650 735 2697; x_wconf 86' lang='lat' dir='ltr'><strong>illis</strong></span> <span class='ocrx_word' id='word_1_205' title='bbox 784 2650 961 2697; x_wconf 86' lang='lat' dir='ltr'><strong>duobus</strong></span> <span class='ocrx_word' id='word_1_206' title='bbox 1012 2652 1197 2698; x_wconf 81' lang='lat' dir='ltr'><strong>casibus</strong></span> <span class='ocrx_word' id='word_1_207' title='bbox 1250 2649 1448 2713; x_wconf 80' lang='lat' dir='ltr'><strong>(nempe</strong></span> <span class='ocrx_word' id='word_1_208' title='bbox 1496 2649 1680 2712; x_wconf 81' lang='lat' dir='ltr'><strong>quando</strong></span> <span class='ocrx_word' id='word_1_209' title='bbox 1730 2651 1862 2711; x_wconf 78' lang='lat' dir='ltr'><strong>Papa</strong></span> 
     </span>
    </p>

    <p class='ocr_par' dir='ltr' id='par_1_4' title="bbox 7 2729 1862 2794">
     <span class='ocr_line' id='line_1_28' title="bbox 7 2729 1862 2794; baseline -0.001 -16"><span class='ocrx_word' id='word_1_210' title='bbox 7 2751 17 2778; x_wconf 60' lang='grc'><strong>.’</strong></span> <span class='ocrx_word' id='word_1_211' title='bbox 124 2745 219 2776; x_wconf 80' lang='lat' dir='ltr'><strong>uon</strong></span> <span class='ocrx_word' id='word_1_212' title='bbox 252 2729 410 2778; x_wconf 84' lang='lat' dir='ltr'><strong>debeat</strong></span> <span class='ocrx_word' id='word_1_213' title='bbox 445 2730 565 2778; x_wconf 85' lang='lat' dir='ltr'><strong>illud</strong></span> <span class='ocrx_word' id='word_1_214' title='bbox 599 2730 825 2788; x_wconf 82' lang='lat' dir='ltr'><strong>indicere,</strong></span> <span class='ocrx_word' id='word_1_215' title='bbox 862 2748 912 2779; x_wconf 89' lang='lat' dir='ltr'><strong>eo</strong></span> <span class='ocrx_word' id='word_1_216' title='bbox 947 2731 1067 2794; x_wconf 84' lang='lat' dir='ltr'><strong>quod</strong></span> <span class='ocrx_word' id='word_1_217' title='bbox 1115 2734 1179 2779; x_wconf 82' lang='lat' dir='ltr'><strong>sit</strong></span> <span class='ocrx_word' id='word_1_218' title='bbox 1225 2733 1486 2779; x_wconf 79' lang='lat' dir='ltr'><strong>haereticus</strong></span> <span class='ocrx_word' id='word_1_219' title='bbox 1522 2730 1593 2778; x_wconf 69' lang='lat' dir='ltr'><strong>vel</strong></span> <span class='ocrx_word' id='word_1_220' title='bbox 1635 2730 1862 2777; x_wconf 77' lang='lat' dir='ltr'><strong>schisma-</strong></span> 
     </span>
    </p>

    <p class='ocr_par' dir='ltr' id='par_1_5' title="bbox 0 2800 1862 2945">
     <span class='ocr_line' id='line_1_29' title="bbox 14 2810 1862 2899; baseline 0 -41"><span class='ocrx_word' id='word_1_221' title='bbox 14 2816 42 2899; x_wconf 46' lang='lat' dir='ltr'><strong>ts</strong></span> <span class='ocrx_word' id='word_1_222' title='bbox 125 2810 268 2868; x_wconf 73' lang='lat' dir='ltr'><strong>ticus,</strong></span> <span class='ocrx_word' id='word_1_223' title='bbox 305 2819 347 2857; x_wconf 88' lang='lat' dir='ltr'><strong>et</strong></span> <span class='ocrx_word' id='word_1_224' title='bbox 383 2811 566 2873; x_wconf 81' lang='lat' dir='ltr'><strong>quando</strong></span> <span class='ocrx_word' id='word_1_225' title='bbox 602 2829 696 2859; x_wconf 80' lang='lat' dir='ltr'><strong>uon</strong></span> <span class='ocrx_word' id='word_1_226' title='bbox 725 2821 877 2875; x_wconf 78' lang='lat' dir='ltr'><strong>posset</strong></span> <span class='ocrx_word' id='word_1_227' title='bbox 914 2814 1036 2861; x_wconf 86' lang='lat' dir='ltr'><strong>illud</strong></span> <span class='ocrx_word' id='word_1_228' title='bbox 1077 2813 1304 2869; x_wconf 79' lang='lat' dir='ltr'><strong>indicere,</strong></span> <span class='ocrx_word' id='word_1_229' title='bbox 1354 2829 1404 2859; x_wconf 86' lang='lat' dir='ltr'><strong>eo</strong></span> <span class='ocrx_word' id='word_1_230' title='bbox 1452 2810 1571 2873; x_wconf 82' lang='lat' dir='ltr'><strong>quod</strong></span> <span class='ocrx_word' id='word_1_231' title='bbox 1621 2818 1735 2858; x_wconf 81' lang='lat' dir='ltr'><strong>esset</strong></span> <span class='ocrx_word' id='word_1_232' title='bbox 1782 2826 1862 2858; x_wconf 86' lang='lat' dir='ltr'><strong>ca-</strong></span> 
     </span>
     <span class='ocr_line' id='line_1_30' title="bbox 0 2897 45 2923; baseline 0 -21"><span class='ocrx_word' id='word_1_233' title='bbox 0 2897 1 2902; x_wconf 72' lang='grc'>,</span> <span class='ocrx_word' id='word_1_234' title='bbox 24 2898 45 2923; x_wconf 31' lang='lat' dir='ltr'><strong>A,</strong></span> 
     </span>
     <span class='ocr_line' id='line_1_31' title="bbox 35 2926 39 2945; baseline 0 0"><span class='ocrx_word' id='word_1_235' title='bbox 35 2926 39 2945; x_wconf 75' lang='lat' dir='ltr'><strong>t</strong></span> 
     </span>
    </p>
   </div>
   <div class='ocr_carea' id='block_1_4' title="bbox 0 2890 1859 2986">
    <p class='ocr_par' dir='ltr' id='par_1_6' title="bbox 0 2890 1859 2986">
     <span class='ocr_line' id='line_1_32' title="bbox 0 2890 1859 2986; baseline 0.003 -52"><span class='ocrx_word' id='word_1_236' title='bbox 0 2911 49 2986; x_wconf 18' lang='grc' dir='ltr'><strong>ἑὲ</strong></span> <span class='ocrx_word' id='word_1_237' title='bbox 119 2890 280 2952; x_wconf 78' lang='lat' dir='ltr'><strong>ptivus</strong></span> <span class='ocrx_word' id='word_1_238' title='bbox 315 2891 440 2954; x_wconf 80' lang='lat' dir='ltr'><strong>apud</strong></span> <span class='ocrx_word' id='word_1_239' title='bbox 480 2893 713 2956; x_wconf 80' lang='lat' dir='ltr'><strong>infideles,</strong></span> <span class='ocrx_word' id='word_1_240' title='bbox 763 2894 833 2942; x_wconf 76' lang='lat' dir='ltr'><strong>vel</strong></span> <span class='ocrx_word' id='word_1_241' title='bbox 881 2901 1109 2951; x_wconf 80' lang='lat' dir='ltr'><strong>mortuus,</strong></span> <span class='ocrx_word' id='word_1_242' title='bbox 1159 2894 1229 2942; x_wconf 77' lang='lat' dir='ltr'><strong>vel</strong></span> <span class='ocrx_word' id='word_1_243' title='bbox 1276 2894 1474 2941; x_wconf 77' lang='lat' dir='ltr'><strong>insanus</strong></span> <span class='ocrx_word' id='word_1_244' title='bbox 1522 2891 1726 2956; x_wconf 80' lang='lat' dir='ltr'><strong>effectus,</strong></span> <span class='ocrx_word' id='word_1_245' title='bbox 1776 2900 1859 2940; x_wconf 82' lang='lat' dir='ltr'><strong>aut</strong></span> 
     </span>
    </p>
   </div>
  </div>
 </body>
</html>
