2114 3289
467 133 513 207 S.
562 154 753 191 xxxix.
802 156 860 190 DE
903 156 1024 191 June
1068 156 1490 192 APPELLATIONUM
1643 138 1746 190 151

120 257 314 331 ritoque
374 257 597 313 damnati
655 270 767 312 sunt
811 255 1178 314 Constitutione
1222 257 1304 314 Pii
1350 256 1437 328 ΙΙ,
1481 277 1608 332 quae
1660 259 1837 333 incipit

120 351 463 420 Eoeec=rabili3‚
490 363 536 404 et
570 348 936 406 Constitutione
970 350 1093 406 Julii
1138 350 1207 421 ΙΙ,
1236 353 1377 422 cujus
1421 352 1620 407 initium
1663 355 1838 408 Susce-

112 445 236 516 ptis,
266 445 477 517 aliisque
503 443 826 500 Summorum
853 444 1158 500 Pontificum
1204 444 1676 502 ConstitutionilmS.
1723 445 1835 520 Ipse

120 536 298 593 Petrus
342 538 402 592 de
445 537 620 594 Marca
666 537 810 593 fateri
853 540 1068 608 cogitur,
1096 559 1124 593 a
1152 538 1397 594 Pontifice
1441 539 1505 593 ad
1549 538 1833 595 Concilium

123 633 479 706 appellationes
509 652 536 687 a
564 633 714 687 veteri
742 632 1012 706 disciplina
1039 633 1228 688 alienas
1271 652 1396 688 esse.
1443 631 1588 689 Certe
1631 633 1834 706 quidem

118 726 410 797 hujusmodi
455 725 774 801 Appellantes
818 726 870 780 id
914 745 1066 781 unum
1111 738 1334 800 spectant
1369 739 1515 801 atque
1543 729 1834 799 moliuntur,

121 832 174 874 ut
215 819 480 877 Pontificis
524 823 871 876 auctoritatem
914 821 1137 890 eludant,
1174 832 1220 874 et
1264 823 1602 878 ecclesiastica
1642 823 1834 893 judicia

117 917 260 970 irrita
305 916 443 971 fiant.
489 915 663 987 Itaque
705 915 853 986 hujus
896 917 1092 987 generis
1137 916 1496 989 appellationes
1522 919 1834 991 perniciosae

117 1021 230 1064 sunt
256 1011 489 1081 regimini
523 1009 796 1078 Ecclesiae,
824 1011 941 1082 quia
986 1011 1257 1065 auctoritas
1299 1009 1523 1081 legitima
1568 1009 1832 1068 Pontificis

118 1102 469 1173 labefactatur,
494 1103 774 1178 imperandi
819 1106 893 1159 vis
937 1105 1194 1173 evertitur,
1221 1115 1267 1158 et
1308 1104 1648 1161 inobedientia
1675 1107 1833 1162 inulta

121 1209 304 1253 manet.
367 1197 625 1253 Exitiosae
668 1209 781 1253 sunt
823 1198 934 1271 paci
977 1209 1023 1253 et
1067 1198 1283 1266 unitati,
1328 1200 1448 1270 quia
1491 1197 1655 1255 facilis
1699 1201 1832 1255 schi-

118 1293 266 1346 smati
311 1291 548 1366 panditur
590 1290 792 1360 aditus,
836 1291 1092 1346 difficilior
1134 1304 1296 1346 autem
1341 1292 1396 1346 fit
1438 1293 1649 1349 medela.
1712 1293 1835 1349 Exi-

118 1387 275 1441 tiosae
317 1397 430 1441 sunt
474 1385 629 1454 fidei9
671 1386 789 1457 quia
833 1385 1062 1440 haereses
1106 1387 1307 1459 impune
1350 1399 1673 1458 grassantur,
1717 1408 1832 1462 pro-

116 1492 284 1555 pterea
332 1481 469 1554 quod
512 1499 599 1536 nec
643 1498 866 1554 semper,
909 1500 997 1536 nec
1042 1499 1356 1554 quacumque
1399 1482 1460 1536 de
1503 1503 1653 1538 causa
1698 1483 1832 1541 Con-

115 1576 232 1631 cilia
290 1574 468 1630 haberi
528 1585 752 1650 possunt.
818 1573 931 1631 Uno
977 1575 1165 1644 verbo,
1210 1595 1238 1629 a
1281 1578 1522 1632 sententia
1566 1576 1831 1636 Pontificis

114 1669 179 1725 ad
223 1667 506 1726 Concilium
550 1669 822 1744 appellare,
848 1669 1093 1743 numquid
1138 1669 1275 1724 aliud
1319 1682 1392 1724 est
1434 1691 1585 1744 quam
1628 1675 1831 1748 impune

116 1764 238 1819 velle
281 1765 332 1818 in
376 1783 542 1819 errore
586 1775 632 1818 et
674 1765 937 1836 iniquitate
970 1783 1308 1837 perseverare,
1336 1764 1462 1820 alios
1493 1786 1829 1842 corrumpere2

114 1870 160 1913 et
219 1856 497 1914 Ecclesiam
547 1853 886 1932 perturbare?
947 1855 1087 1924 Quid
1137 1858 1272 1930 quod
1315 1857 1370 1914 S.
1415 1858 1697 1916 Antoninus
1741 1863 1831 1918 do-

115 1953 275 2007 ctrina
317 1963 364 2007 et
407 1953 667 2008 sanctitate
710 1951 1019 2007 clarissimus
1064 1971 1113 2025 p.
1161 1956 1192 2007 3
1240 1971 1367 2010 sum.
1412 1955 1488 2009 tit.
1540 1957 1610 2010 ⁶23
1648 1976 1759 2030 cap.
1792 1962 1823 2013 3

113 2047 174 2102 de
217 2047 400 2121 appell.
444 2045 615 2121 Papae
656 2041 701 2118 §.
749 2051 779 2101 3
826 2047 1075 2102 affirmare
1118 2066 1216 2103 non
1277 2047 1562 2104 dubitavit:
1625 2052 1828 2106 Sentire

110 2140 247 2212 quod
288 2159 320 2194 a
362 2143 511 2213 Papa
552 2141 622 2196 ad
672 2140 958 2196 Concilium
1008 2141 1262 2214 appellari
1314 2142 1498 2214 possit,
1542 2154 1612 2198 esc
1652 2144 1830 2201 haere-

112 2235 293 2302 ticum,
337 2245 383 2290 et
425 2247 602 2290 contra
651 2235 802 2290 illum
862 2236 1138 2290 articulum
1183 2256 1226 2293 s.
1271 2256 1546 2294 EGGLESIAM
1589 2259 1828 2298 cATflou-

112 2349 240 2387 cAm:
284 2349 405 2384 nam
447 2330 490 2384 si
531 2330 731 2385 licitum
775 2342 894 2385 esset
936 2331 1196 2404 appellare
1240 2350 1272 2386 a
1312 2334 1485 2405 Papa,
1517 2344 1563 2388 et
1604 2334 1714 2402 ille,
1757 2337 1828 2390 ad

109 2445 258 2498 quem
300 2426 612 2500 appellatur,
657 2438 775 2482 esset
820 2431 1004 2500 Caput>
1038 2428 1107 2482 sic
1151 2430 1300 2501 Papa
1341 2448 1443 2483 non
1487 2442 1605 2485 esset
1642 2434 1825 2504 Caput,

109 2521 187 2576 vel
229 2532 387 2577 essent
428 2522 530 2575 duo
575 2522 777 2594 Capita)
820 2523 956 2593 quod
999 2533 1119 2577 esset
1160 2522 1571 2578 monstruosum?

173 2700 236 2742 De
272 2705 370 2744 tota
406 2699 491 2746 hac
529 2712 576 2745 rc
615 2700 804 2757 copiose
841 2699 1085 2746 admodum
1123 2707 1434 2757 accurateque
1473 2700 1662 2746 disserit
1695 2702 1828 2748 Joan.

105 2778 272 2823 Devoti
307 2779 440 2826 Juris
475 2779 702 2827 Canonici
737 2779 950 2826 universi
981 2779 1163 2841 publici
1197 2787 1239 2826 et
1256 2779 1441 2841 privati
1464 2779 1582 2825 libro
1608 2782 1636 2826 2
1659 2781 1711 2827 in
1738 2783 1831 2844 2111-

100 2858 293 2920 pemlice
328 2860 388 2907 acl
422 2863 612 2910 titulum
645 2862 962 2911 Decretalium
997 2861 1049 2909 de
1085 2861 1502 2924 Appellationibus.
