2114 3289
532 112 576 188 ᾗ.
624 136 780 172 vau.
828 136 887 172 DE
932 137 1091 173 cauci-2
1138 136 1197 171 ET
1243 136 1425 172 ΡΑιιιο
1648 119 1756 173 179

121 248 249 294 tores
312 237 558 294 Romanis
619 236 954 294 Pontificibus
1004 251 1051 294 et
1093 236 1409 294 Patriarchis
1453 251 1838 309 concesserunt3

117 343 162 386 et
204 350 442 406 processu
484 333 723 405 temporis
769 332 954 387 factum
997 351 1124 401 esse,
1160 344 1210 387 ut
1254 332 1407 413 veluti
1450 350 1649 388 sacrum
1693 350 1842 388 orna-

117 437 371 494 mentum,
414 437 460 480 et
502 425 830 499 plenitudinis
875 426 1026 482 officii
1071 424 1374 500 pontificalis
1419 425 1705 496 symbolum
1750 426 1840 479 ha-

115 517 332 574 beretur.

195 608 370 684 Aliqui
431 624 602 668 contra
652 624 862 685 putant,
913 611 968 668 S.
1014 610 1236 683 Linum,
1279 615 1365 686 qui
1409 633 1526 670 ann.
1574 618 1645 669 69
1692 611 1840 669 Sum-

114 723 250 758 mum
293 703 651 760 Pontificatum
698 707 870 775 tenuit,
921 718 1175 762 auctorem
1219 706 1364 779 pallii
1407 709 1667 762 extitisse:
1712 706 1842 761 liber

114 817 230 853 vero
275 799 581 872 pontificalis
624 800 799 869 tradit,
827 798 881 856 S.
919 798 1152 855 Marcum
1196 798 1497 856 Pontificem
1541 801 1837 869 instituisse,

112 901 169 945 ut
211 893 489 964 Episcopus
531 893 812 960 OstiensiS,
857 894 946 964 qui
989 903 1244 948 consecrat
1288 894 1595 967 Episcopum
1654 894 1800 949 Urbis
1817 935 1839 960 9

105 985 275 1057 pallio
317 997 566 1044 uteretur.
612 986 758 1055 Quae
802 988 1006 1060 quidem
1041 989 1234 1062 opinio,
1261 989 1501 1061 quoniam
1531 989 1837 1062 apocryphis

113 1091 160 1134 et
202 1081 538 1137 imbecillibus
583 1083 916 1137 monumentis
961 1083 1155 1151 nititur,
1182 1082 1434 1155 plerisque
1463 1082 1696 1137 omnibus
1737 1100 1836 1137 non

113 1174 373 1247 probatur.

193 1267 381 1323 Verum
442 1289 504 1324 ex
565 1272 857 1344 opinionum
920 1270 1259 1345 discrepantia
1321 1272 1443 1325 satis
1505 1270 1839 1341 intelligitur,

114 1373 304 1418 certum
348 1375 724 1418 monumentum
768 1364 959 1418 nullum
1003 1376 1193 1433 extare,
1221 1382 1320 1436 quo
1365 1382 1482 1417 vera
1527 1365 1671 1433 origo
1698 1363 1842 1437 pallii

117 1468 411 1530 perspecta,
454 1457 699 1530 planeque
743 1459 943 1527 cognita
986 1457 1250 1513 habeatur.
1314 1455 1446 1512 Illud
1481 1476 1607 1512 vero
1650 1469 1839 1512 certum

117 1561 210 1619 est,
253 1551 388 1623 quod
434 1562 620 1606 veteres
663 1552 932 1625 scriptores
976 1570 1169 1621 omnes,
1209 1552 1296 1624 qui
1340 1550 1401 1605 de
1443 1551 1599 1625 pallio
1642 1550 1838 1624 loquuti

115 1655 248 1714 sunt,
276 1663 376 1701 non
402 1645 530 1700 illud
556 1656 905 1702 ornamentum
949 1644 1237 1718 profanum,
1265 1645 1351 1699 sed
1389 1663 1587 1700 sacram
1633 1658 1838 1715 vestem9

119 1740 418 1813 signumque
460 1742 533 1795 rei
584 1759 755 1795 sacrae
807 1739 961 1796 fuisse
1021 1751 1300 1795 testantur:
1362 1759 1490 1813 quae
1550 1742 1836 1797 testimonia

116 1834 306 1891 faciunt
349 1848 523 1892 contra
567 1838 855 1910 opinionem
897 1855 1092 1906 eorum,
1131 1838 1216 1909 qui
1260 1836 1470 1910 pallium
1516 1835 1838 1911 Imperatori-

110 1929 204 1985 bus
249 1942 507 2005 acceptum
553 1930 789 1986 referunt.
835 1928 920 1985 Sic
964 1942 1074 1985 acta
1119 1929 1469 2004 Metrophanis
1506 1929 1838 1986 Patriarchae

111 2022 658 2099 Constantinopolitani
703 2024 836 2099 apud
880 2022 1121 2080 Photium
1166 2023 1402 2080 biblioth.
1449 2025 1561 2081 cod.
1612 2029 1723 2080 256
1763 2045 1839 2080 re-

115 2117 312 2187 ferunt,
355 2138 505 2188 eum,
549 2131 817 2192 postquam
860 2120 998 2174 senio
1043 2117 1294 2174 confectus
1339 2132 1547 2189 rogante
1591 2117 1839 2176 Constan-

112 2213 216 2269 tino
278 2211 468 2284 Magno
521 2231 860 2268 successorem
912 2210 1260 2267 Alexandrum
1304 2212 1403 2267 sibi
1447 2213 1836 2286 designaverat,

110 2306 322 2381 pallium
374 2308 427 2361 in
480 2326 624 2363 sacra
669 2325 841 2361 mensa
884 2305 1177 2381 deposuisse
1200 2349 1217 2376 9
1260 2318 1311 2361 ut
1354 2309 1631 2363 successori
1675 2309 1840 2364 trade-

110 2413 262 2458 retur.
309 2400 469 2472 Igitur
510 2402 721 2476 pallium
765 2414 1002 2472 regnante
1045 2402 1196 2456 etiam
1241 2399 1572 2457 Constantino
1616 2400 1836 2474 Magno,

112 2514 258 2569 quem
319 2498 541 2570 primum
594 2495 821 2567 ejusdem
865 2507 1118 2551 auctorem
1162 2507 1448 2564 ostentant,
1491 2497 1620 2550 inter
1662 2516 1833 2552 sacras

113 2602 269 2646 vestes
331 2590 698 2647 recensebatur.
762 2588 975 2646 Saeculo
1030 2609 1146 2646 vero
1190 2589 1237 2644 V
1281 2589 1507 2645 Isidorus
1560 2591 1836 2647 monachus

115 2695 161 2737 et
212 2682 485 2756 Presbyter
544 2682 821 2759 Ageyptius
885 2685 973 2741 lib.
1021 2684 1043 2739 I
1094 2687 1240 2759 epist.
1309 2684 1419 2738 136
1481 2684 1604 2739 haec
1651 2685 1836 2741 habet:

115 2777 352 2850 Episcopi
387 2779 636 2851 pallium,
680 2797 782 2833 non
824 2799 847 2834 e
892 2779 1019 2849 lino,
1046 2779 1133 2834 secl
1178 2799 1200 2833 e
1244 2778 1367 2831 lana
1408 2777 1710 2849 confectum,
1735 2780 1842 2833 ovis

106 2872 294 2943 pellem
347 2873 591 2940 denotat,
635 2891 788 2944 quam
831 2874 1153 2929 aberrantem
1198 2889 1444 2943 quaerens
1491 2871 1742 2926 Dominus
1783 2874 1839 2928 in
