<?xml version="1.0" encoding="UTF-8"?>
<!DOCTYPE html PUBLIC "-//W3C//DTD XHTML 1.0 Transitional//EN"
    "http://www.w3.org/TR/xhtml1/DTD/xhtml1-transitional.dtd">
<html xmlns="http://www.w3.org/1999/xhtml" xml:lang="en" lang="en">
 <head>
  <title>
</title>
<meta http-equiv="Content-Type" content="text/html;charset=utf-8" />
  <meta name='ocr-system' content='tesseract 3.04.00' />
  <meta name='ocr-capabilities' content='ocr_page ocr_carea ocr_par ocr_line ocrx_word'/>
</head>
<body>
  <div class='ocr_page' id='page_1' title='image "./joanniscardinali00sogl_0430.png"; bbox 0 0 2114 3289; ppageno 0'>
   <div class='ocr_carea' id='block_1_1' title="bbox 336 86 1824 137">
    <p class='ocr_par' dir='ltr' id='par_1_1' title="bbox 336 86 1824 137">
     <span class='ocr_line' id='line_1_1' title="bbox 336 86 1824 137; baseline 0.001 -2"><span class='ocrx_word' id='word_1_1' title='bbox 336 86 444 136; x_wconf 68' lang='lat'><em>256</em></span> <span class='ocrx_word' id='word_1_2' title='bbox 508 102 600 137; x_wconf 78' lang='lat' dir='ltr'><em>un.</em></span> <span class='ocrx_word' id='word_1_3' title='bbox 630 100 699 136; x_wconf 88' lang='lat'><em>111.</em></span> <span class='ocrx_word' id='word_1_4' title='bbox 728 99 774 134; x_wconf 73' lang='lat' dir='ltr'><em>c,</em></span> <span class='ocrx_word' id='word_1_5' title='bbox 803 98 854 133; x_wconf 83' lang='grc' dir='ltr'><em>ιι.</em></span> <span class='ocrx_word' id='word_1_6' title='bbox 887 97 947 133; x_wconf 73' lang='lat' dir='ltr'><em>nn</em></span> <span class='ocrx_word' id='word_1_7' title='bbox 976 98 1133 133; x_wconf 72' lang='lat' dir='ltr'><em>nenos</em></span> <span class='ocrx_word' id='word_1_8' title='bbox 1160 99 1301 135; x_wconf 68' lang='lat' dir='ltr'><em>Ecct.</em></span> <span class='ocrx_word' id='word_1_9' title='bbox 1331 100 1539 137; x_wconf 72' lang='lat' dir='ltr'><em>Po‘rEsT.</em></span> <span class='ocrx_word' id='word_1_10' title='bbox 1567 100 1824 137; x_wconf 68' lang='lat' dir='ltr'><em>sumimus</em></span> 
     </span>
    </p>
   </div>
   <div class='ocr_carea' id='block_1_2' title="bbox 241 199 1974 2925">
    <p class='ocr_par' dir='ltr' id='par_1_2' title="bbox 246 199 1974 837">
     <span class='ocr_line' id='line_1_2' title="bbox 251 199 1974 276; baseline 0 -17"><span class='ocrx_word' id='word_1_11' title='bbox 251 224 403 276; x_wconf 88' lang='lat' dir='ltr'><em>quam</em></span> <span class='ocrx_word' id='word_1_12' title='bbox 449 204 714 274; x_wconf 80' lang='lat' dir='ltr'>collegium</span> <span class='ocrx_word' id='word_1_13' title='bbox 759 200 1005 254; x_wconf 84' lang='lat' dir='ltr'><em>illicitum</em></span> <span class='ocrx_word' id='word_1_14' title='bbox 1049 199 1350 269; x_wconf 73' lang='lat' dir='ltr'>habebatur,</span> <span class='ocrx_word' id='word_1_15' title='bbox 1391 204 1500 273; x_wconf 88' lang='lat' dir='ltr'><em>jure</em></span> <span class='ocrx_word' id='word_1_16' title='bbox 1543 203 1679 259; x_wconf 83' lang='lat' dir='ltr'><em>civili</em></span> <span class='ocrx_word' id='word_1_17' title='bbox 1725 215 1974 259; x_wconf 85' lang='lat' dir='ltr'><em>vetaretur</em></span> 
     </span>
     <span class='ocr_line' id='line_1_3' title="bbox 252 295 1968 369; baseline 0.001 -17"><span class='ocrx_word' id='word_1_18' title='bbox 252 318 422 352; x_wconf 90' lang='lat' dir='ltr'><em>arcam</em></span> <span class='ocrx_word' id='word_1_19' title='bbox 469 299 706 364; x_wconf 77' lang='lat' dir='ltr'><em>retinere,</em></span> <span class='ocrx_word' id='word_1_20' title='bbox 751 315 906 368; x_wconf 90' lang='lat' dir='ltr'><em>eoque</em></span> <span class='ocrx_word' id='word_1_21' title='bbox 952 296 1116 349; x_wconf 84' lang='lat' dir='ltr'><em>minus</em></span> <span class='ocrx_word' id='word_1_22' title='bbox 1162 313 1238 349; x_wconf 88' lang='lat' dir='ltr'><em>res</em></span> <span class='ocrx_word' id='word_1_23' title='bbox 1283 295 1377 349; x_wconf 84' lang='lat' dir='ltr'><em>soli</em></span> <span class='ocrx_word' id='word_1_24' title='bbox 1421 297 1709 369; x_wconf 74' lang='lat' dir='ltr'><em>possidere,</em></span> <span class='ocrx_word' id='word_1_25' title='bbox 1754 298 1862 353; x_wconf 90' lang='lat'>1.·1</span> <span class='ocrx_word' id='word_1_26' title='bbox 1916 299 1968 354; x_wconf 87' lang='lat' dir='ltr'><em>ff.</em></span> 
     </span>
     <span class='ocr_line' id='line_1_4' title="bbox 250 386 1972 463; baseline 0.001 -19"><span class='ocrx_word' id='word_1_27' title='bbox 250 392 400 456; x_wconf 80' lang='lat' dir='ltr'><em>Quod</em></span> <span class='ocrx_word' id='word_1_28' title='bbox 450 390 648 463; x_wconf 78' lang='lat' dir='ltr'><em>cujusq.</em></span> <span class='ocrx_word' id='word_1_29' title='bbox 711 389 979 445; x_wconf 63' lang='lat' dir='ltr'><em>tertinersit.</em></span> <span class='ocrx_word' id='word_1_30' title='bbox 1024 388 1219 444; x_wconf 85' lang='lat' dir='ltr'><em>nomin.</em></span> <span class='ocrx_word' id='word_1_31' title='bbox 1283 386 1553 462; x_wconf 82' lang='lat' dir='ltr'>Apostolus</span> <span class='ocrx_word' id='word_1_32' title='bbox 1607 390 1796 447; x_wconf 87' lang='lat' dir='ltr'><em>Paulus</em></span> <span class='ocrx_word' id='word_1_33' title='bbox 1841 390 1863 445; x_wconf 96' lang='lat' dir='ltr'>I</span> <span class='ocrx_word' id='word_1_34' title='bbox 1907 392 1972 448; x_wconf 86' lang='lat' dir='ltr'><em>ad</em></span> 
     </span>
     <span class='ocr_line' id='line_1_5' title="bbox 251 482 1973 558; baseline -0.001 -17"><span class='ocrx_word' id='word_1_35' title='bbox 251 484 369 541; x_wconf 90' lang='lat' dir='ltr'><em>Cor.</em></span> <span class='ocrx_word' id='word_1_36' title='bbox 415 482 491 538; x_wconf 83' lang='lat' dir='ltr'><em>IX</em></span> <span class='ocrx_word' id='word_1_37' title='bbox 533 504 585 540; x_wconf 85' lang='lat' dir='ltr'><em>v.</em></span> <span class='ocrx_word' id='word_1_38' title='bbox 635 486 699 537; x_wconf 93' lang='lat'><em>11</em></span> <span class='ocrx_word' id='word_1_39' title='bbox 748 485 852 554; x_wconf 81' lang='lat' dir='ltr'><em>jain</em></span> <span class='ocrx_word' id='word_1_40' title='bbox 897 485 1202 557; x_wconf 77' lang='lat' dir='ltr'>scripserat:</span> <span class='ocrx_word' id='word_1_41' title='bbox 1249 482 1307 538; x_wconf 86' lang='lat' dir='ltr'><em>Si</em></span> <span class='ocrx_word' id='word_1_42' title='bbox 1351 500 1438 535; x_wconf 88' lang='lat' dir='ltr'><em>nos</em></span> <span class='ocrx_word' id='word_1_43' title='bbox 1489 484 1623 538; x_wconf 68' lang='lat' dir='ltr'><em>‘cobis</em></span> <span class='ocrx_word' id='word_1_44' title='bbox 1674 486 1973 558; x_wconf 74' lang='lat' dir='ltr'><em>spiritualia</em></span> 
     </span>
     <span class='ocr_line' id='line_1_6' title="bbox 249 577 1973 648; baseline 0.002 -17"><span class='ocrx_word' id='word_1_45' title='bbox 249 578 611 632; x_wconf 72' lang='lat' dir='ltr'><em>seminavimus</em></span> <span class='ocrx_word' id='word_1_46' title='bbox 623 620 642 644; x_wconf 75' lang='lat'><em>,</em></span> <span class='ocrx_word' id='word_1_47' title='bbox 689 596 931 648; x_wconf 71' lang='lat' dir='ltr'><em>niaynuni</em></span> <span class='ocrx_word' id='word_1_48' title='bbox 976 587 1042 630; x_wconf 82' lang='lat' dir='ltr'><em>est</em></span> <span class='ocrx_word' id='word_1_49' title='bbox 1055 619 1075 643; x_wconf 58' lang='lat'>2</span> <span class='ocrx_word' id='word_1_50' title='bbox 1120 577 1161 630; x_wconf 88' lang='lat' dir='ltr'><em>si</em></span> <span class='ocrx_word' id='word_1_51' title='bbox 1204 595 1292 630; x_wconf 89' lang='lat' dir='ltr'><em>nos</em></span> <span class='ocrx_word' id='word_1_52' title='bbox 1334 578 1570 631; x_wconf 85' lang='lat' dir='ltr'><em>carnalia</em></span> <span class='ocrx_word' id='word_1_53' title='bbox 1611 591 1773 634; x_wconf 81' lang='lat' dir='ltr'><em>vestra</em></span> <span class='ocrx_word' id='word_1_54' title='bbox 1816 590 1973 634; x_wconf 80' lang='lat' dir='ltr'><em>meta-</em></span> 
     </span>
     <span class='ocr_line' id='line_1_7' title="bbox 247 669 1973 745; baseline 0.002 -22"><span class='ocrx_word' id='word_1_55' title='bbox 247 669 405 727; x_wconf 71' lang='lat' dir='ltr'><em>mus?</em></span> <span class='ocrx_word' id='word_1_56' title='bbox 449 672 511 727; x_wconf 90' lang='lat' dir='ltr'><em>Et</em></span> <span class='ocrx_word' id='word_1_57' title='bbox 556 693 601 728; x_wconf 80' lang='lat' dir='ltr'><em>V.</em></span> <span class='ocrx_word' id='word_1_58' title='bbox 660 674 767 726; x_wconf 77' lang='lat'><em>14:</em></span> <span class='ocrx_word' id='word_1_59' title='bbox 832 675 915 725; x_wconf 88' lang='lat' dir='ltr'><em>Ita</em></span> <span class='ocrx_word' id='word_1_60' title='bbox 978 682 1023 725; x_wconf 85' lang='lat' dir='ltr'><em>et</em></span> <span class='ocrx_word' id='word_1_61' title='bbox 1082 671 1336 725; x_wconf 75' lang='lat' dir='ltr'><em>Dominus</em></span> <span class='ocrx_word' id='word_1_62' title='bbox 1395 672 1658 726; x_wconf 81' lang='lat' dir='ltr'><em>ordinavit</em></span> <span class='ocrx_word' id='word_1_63' title='bbox 1718 674 1822 741; x_wconf 66' lang='lat' dir='ltr'><em>iis2</em></span> <span class='ocrx_word' id='word_1_64' title='bbox 1883 674 1973 745; x_wconf 81' lang='lat' dir='ltr'><em>qui</em></span> 
     </span>
     <span class='ocr_line' id='line_1_8' title="bbox 246 765 1628 837; baseline 0.002 -18"><span class='ocrx_word' id='word_1_65' title='bbox 246 766 591 837; x_wconf 73' lang='lat' dir='ltr'><em>Evanyelium</em></span> <span class='ocrx_word' id='word_1_66' title='bbox 635 765 970 832; x_wconf 56' lang='lat' dir='ltr'><em>annuntiant)</em></span> <span class='ocrx_word' id='word_1_67' title='bbox 1016 765 1078 820; x_wconf 81' lang='lat' dir='ltr'><em>cle</em></span> <span class='ocrx_word' id='word_1_68' title='bbox 1120 765 1401 836; x_wconf 57' lang='lat' dir='ltr'><em>Evangelio</em></span> <span class='ocrx_word' id='word_1_69' title='bbox 1444 766 1628 823; x_wconf 73' lang='lat' dir='ltr'><em>vicere.</em></span> 
     </span>
    </p>

    <p class='ocr_par' dir='ltr' id='par_1_3' title="bbox 241 859 1971 1215">
     <span class='ocr_line' id='line_1_9' title="bbox 326 859 1970 928; baseline 0.001 -12"><span class='ocrx_word' id='word_1_70' title='bbox 326 859 512 917; x_wconf 85' lang='lat' dir='ltr'><em>Confer</em></span> <span class='ocrx_word' id='word_1_71' title='bbox 553 860 809 915; x_wconf 79' lang='lat' dir='ltr'>Monetam</span> <span class='ocrx_word' id='word_1_72' title='bbox 853 872 1032 915; x_wconf 79' lang='lat' dir='ltr'><em>con-tra</em></span> <span class='ocrx_word' id='word_1_73' title='bbox 1076 860 1321 916; x_wconf 77' lang='lat' dir='ltr'><em>Calliaros</em></span> <span class='ocrx_word' id='word_1_74' title='bbox 1366 871 1409 913; x_wconf 88' lang='lat' dir='ltr'><em>et</em></span> <span class='ocrx_word' id='word_1_75' title='bbox 1463 860 1773 928; x_wconf 71' lang='lat' dir='ltr'><em>WaldenseS,</em></span> <span class='ocrx_word' id='word_1_76' title='bbox 1821 861 1970 918; x_wconf 89' lang='lat' dir='ltr'>Com-</span> 
     </span>
     <span class='ocr_line' id='line_1_10' title="bbox 246 954 1970 1030; baseline 0.002 -21"><span class='ocrx_word' id='word_1_77' title='bbox 246 957 545 1011; x_wconf 86' lang='lat' dir='ltr'><em>mentarium</em></span> <span class='ocrx_word' id='word_1_78' title='bbox 574 956 635 1008; x_wconf 76' lang='lat' dir='ltr'><em>de</em></span> <span class='ocrx_word' id='word_1_79' title='bbox 658 955 847 1028; x_wconf 83' lang='lat' dir='ltr'><em>finibus</em></span> <span class='ocrx_word' id='word_1_80' title='bbox 876 955 1142 1026; x_wconf 74' lang='lat' dir='ltr'><em>¹utriusque</em></span> <span class='ocrx_word' id='word_1_81' title='bbox 1181 954 1464 1027; x_wconf 73' lang='lat' dir='ltr'><em>potestatis,</em></span> <span class='ocrx_word' id='word_1_82' title='bbox 1492 954 1801 1011; x_wconf 85' lang='lat' dir='ltr'><em>Mamacchii</em></span> <span class='ocrx_word' id='word_1_83' title='bbox 1829 955 1970 1030; x_wconf 86' lang='lat' dir='ltr'><em>Opus</em></span> 
     </span>
     <span class='ocr_line' id='line_1_11' title="bbox 246 1048 1971 1123; baseline 0.001 -20"><span class='ocrx_word' id='word_1_84' title='bbox 246 1050 414 1104; x_wconf 88' lang='lat' dir='ltr'><em>italice</em></span> <span class='ocrx_word' id='word_1_85' title='bbox 474 1051 714 1123; x_wconf 82' lang='lat' dir='ltr'><em>scriptum</em></span> <span class='ocrx_word' id='word_1_86' title='bbox 777 1049 839 1103; x_wconf 82' lang='lat' dir='ltr'><em>cle</em></span> <span class='ocrx_word' id='word_1_87' title='bbox 899 1049 1060 1105; x_wconf 78' lang='lat' dir='ltr'><em>libero</em></span> <span class='ocrx_word' id='word_1_88' title='bbox 1109 1049 1363 1104; x_wconf 79' lang='lat' dir='ltr'><em>Ecclesiae</em></span> <span class='ocrx_word' id='word_1_89' title='bbox 1408 1048 1534 1122; x_wconf 82' lang='lat' dir='ltr'><em>jure</em></span> <span class='ocrx_word' id='word_1_90' title='bbox 1579 1050 1882 1120; x_wconf 74' lang='lat' dir='ltr'><em>acquirendi</em></span> <span class='ocrx_word' id='word_1_91' title='bbox 1926 1061 1971 1104; x_wconf 82' lang='lat' dir='ltr'><em>et</em></span> 
     </span>
     <span class='ocr_line' id='line_1_12' title="bbox 241 1143 560 1215; baseline 0.016 -20"><span class='ocrx_word' id='word_1_92' title='bbox 241 1143 560 1215; x_wconf 79' lang='lat' dir='ltr'><em>possidendi.</em></span> 
     </span>
    </p>

    <p class='ocr_par' dir='ltr' id='par_1_4' title="bbox 247 1236 1972 1691">
     <span class='ocr_line' id='line_1_13' title="bbox 329 1236 1970 1311; baseline 0.002 -19"><span class='ocrx_word' id='word_1_93' title='bbox 329 1236 438 1293; x_wconf 91' lang='lat' dir='ltr'><em>Hoc</em></span> <span class='ocrx_word' id='word_1_94' title='bbox 500 1240 609 1295; x_wconf 90' lang='lat' dir='ltr'><em>loco</em></span> <span class='ocrx_word' id='word_1_95' title='bbox 671 1239 731 1294; x_wconf 93' lang='lat' dir='ltr'><em>de</em></span> <span class='ocrx_word' id='word_1_96' title='bbox 784 1240 891 1311; x_wconf 85' lang='lat' dir='ltr'><em>lege</em></span> <span class='ocrx_word' id='word_1_97' title='bbox 945 1239 1370 1294; x_wconf 79' lang='lat' dir='ltr'><em>Aniortizationis</em></span> <span class='ocrx_word' id='word_1_98' title='bbox 1415 1240 1764 1295; x_wconf 85' lang='lat' dir='ltr'><em>disserendum</em></span> <span class='ocrx_word' id='word_1_99' title='bbox 1807 1253 1970 1310; x_wconf 81' lang='lat' dir='ltr'><em>esset,</em></span> 
     </span>
     <span class='ocr_line' id='line_1_14' title="bbox 247 1334 1972 1409; baseline 0.002 -21"><span class='ocrx_word' id='word_1_100' title='bbox 247 1334 333 1389; x_wconf 78' lang='lat' dir='ltr'><em>sed</em></span> <span class='ocrx_word' id='word_1_101' title='bbox 363 1355 520 1407; x_wconf 83' lang='lat' dir='ltr'><em>pauca</em></span> <span class='ocrx_word' id='word_1_102' title='bbox 551 1347 722 1390; x_wconf 89' lang='lat' dir='ltr'><em>notare</em></span> <span class='ocrx_word' id='word_1_103' title='bbox 767 1337 998 1392; x_wconf 85' lang='lat' dir='ltr'><em>sufficiat.</em></span> <span class='ocrx_word' id='word_1_104' title='bbox 1045 1335 1353 1406; x_wconf 85' lang='lat' dir='ltr'><em>Hujusmodi</em></span> <span class='ocrx_word' id='word_1_105' title='bbox 1390 1336 1517 1407; x_wconf 74' lang='lat' dir='ltr'><em>lege,</em></span> <span class='ocrx_word' id='word_1_106' title='bbox 1545 1356 1697 1409; x_wconf 87' lang='lat' dir='ltr'><em>quam</em></span> <span class='ocrx_word' id='word_1_107' title='bbox 1723 1355 1972 1391; x_wconf 78' lang='lat' dir='ltr'><em>manuum</em></span> 
     </span>
     <span class='ocr_line' id='line_1_15' title="bbox 256 1430 1971 1498; baseline 0.003 -17"><span class='ocrx_word' id='word_1_108' title='bbox 256 1440 577 1482; x_wconf 77' lang='lat' dir='ltr'><em>mortuarum</em></span> <span class='ocrx_word' id='word_1_109' title='bbox 643 1441 856 1498; x_wconf 75' lang='lat' dir='ltr'><em>vocant,</em></span> <span class='ocrx_word' id='word_1_110' title='bbox 911 1431 1262 1485; x_wconf 79' lang='lat' dir='ltr'><em>translationes</em></span> <span class='ocrx_word' id='word_1_111' title='bbox 1306 1430 1554 1486; x_wconf 85' lang='lat' dir='ltr'><em>bonorum</em></span> <span class='ocrx_word' id='word_1_112' title='bbox 1598 1433 1649 1485; x_wconf 92' lang='lat' dir='ltr'><em>in</em></span> <span class='ocrx_word' id='word_1_113' title='bbox 1692 1430 1971 1486; x_wconf 85' lang='lat' dir='ltr'><em>Ecclesiam</em></span> 
     </span>
     <span class='ocr_line' id='line_1_16' title="bbox 250 1522 1970 1597; baseline 0.001 -19"><span class='ocrx_word' id='word_1_114' title='bbox 250 1524 448 1597; x_wconf 87' lang='lat' dir='ltr'><em>aliaque</em></span> <span class='ocrx_word' id='word_1_115' title='bbox 493 1522 627 1579; x_wconf 88' lang='lat' dir='ltr'><em>Loca</em></span> <span class='ocrx_word' id='word_1_116' title='bbox 674 1522 767 1577; x_wconf 80' lang='lat' dir='ltr'><em>Pia</em></span> <span class='ocrx_word' id='word_1_117' title='bbox 811 1525 916 1578; x_wconf 82' lang='lat' dir='ltr'><em>sine</em></span> <span class='ocrx_word' id='word_1_118' title='bbox 959 1525 1138 1578; x_wconf 86' lang='lat' dir='ltr'><em>litteris</em></span> <span class='ocrx_word' id='word_1_119' title='bbox 1184 1524 1619 1591; x_wconf 59' lang='lat' dir='ltr'><em>annn‘tizationis,</em></span> <span class='ocrx_word' id='word_1_120' title='bbox 1647 1525 1699 1579; x_wconf 89' lang='lat' dir='ltr'><em>id</em></span> <span class='ocrx_word' id='word_1_121' title='bbox 1744 1537 1835 1594; x_wconf 74' lang='lat' dir='ltr'><em>est,</em></span> <span class='ocrx_word' id='word_1_122' title='bbox 1864 1527 1970 1580; x_wconf 87' lang='lat' dir='ltr'><em>sine</em></span> 
     </span>
     <span class='ocr_line' id='line_1_17' title="bbox 250 1618 1919 1691; baseline 0.001 -18"><span class='ocrx_word' id='word_1_123' title='bbox 250 1638 494 1673; x_wconf 78' lang='lat' dir='ltr'><em>consensu</em></span> <span class='ocrx_word' id='word_1_124' title='bbox 539 1618 697 1672; x_wconf 79' lang='lat' dir='ltr'><em>laicae</em></span> <span class='ocrx_word' id='word_1_125' title='bbox 741 1620 1020 1691; x_wconf 72' lang='lat' dir='ltr'><em>potestatiS,</em></span> <span class='ocrx_word' id='word_1_126' title='bbox 1065 1619 1232 1673; x_wconf 88' lang='lat' dir='ltr'><em>nullae</em></span> <span class='ocrx_word' id='word_1_127' title='bbox 1275 1631 1320 1673; x_wconf 90' lang='lat' dir='ltr'><em>et</em></span> <span class='ocrx_word' id='word_1_128' title='bbox 1364 1620 1537 1674; x_wconf 87' lang='lat' dir='ltr'><em>irritae</em></span> <span class='ocrx_word' id='word_1_129' title='bbox 1581 1620 1919 1675; x_wconf 76' lang='lat' dir='ltr'><em>declarantur.</em></span> 
     </span>
    </p>

    <p class='ocr_par' dir='ltr' id='par_1_5' title="bbox 248 1711 1973 2925">
     <span class='ocr_line' id='line_1_18' title="bbox 331 1711 1971 1770; baseline 0.002 -3"><span class='ocrx_word' id='word_1_130' title='bbox 331 1712 391 1770; x_wconf 91' lang='lat' dir='ltr'><em>P.</em></span> <span class='ocrx_word' id='word_1_131' title='bbox 437 1712 648 1768; x_wconf 81' lang='lat' dir='ltr'><em>Maurus</em></span> <span class='ocrx_word' id='word_1_132' title='bbox 692 1713 753 1767; x_wconf 90' lang='lat' dir='ltr'><em>de</em></span> <span class='ocrx_word' id='word_1_133' title='bbox 808 1711 1030 1768; x_wconf 83' lang='lat' dir='ltr'><em>Schenkl</em></span> <span class='ocrx_word' id='word_1_134' title='bbox 1092 1715 1141 1767; x_wconf 92' lang='lat' dir='ltr'><em>in</em></span> <span class='ocrx_word' id='word_1_135' title='bbox 1204 1717 1307 1769; x_wconf 85' lang='lat' dir='ltr'><em>suis</em></span> <span class='ocrx_word' id='word_1_136' title='bbox 1371 1712 1772 1769; x_wconf 84' lang='lat' dir='ltr'><em>Institutionibus</em></span> <span class='ocrx_word' id='word_1_137' title='bbox 1833 1714 1971 1770; x_wconf 84' lang='lat' dir='ltr'><em>Juris</em></span> 
     </span>
     <span class='ocr_line' id='line_1_19' title="bbox 250 1803 1971 1884; baseline 0.001 -20"><span class='ocrx_word' id='word_1_138' title='bbox 250 1810 574 1864; x_wconf 82' lang='lat' dir='ltr'><em>ecclesiastici</em></span> <span class='ocrx_word' id='word_1_139' title='bbox 619 1803 662 1879; x_wconf 60' lang='lat'><em>§-</em></span> <span class='ocrx_word' id='word_1_140' title='bbox 711 1811 822 1862; x_wconf 80' lang='lat'><em>410</em></span> <span class='ocrx_word' id='word_1_141' title='bbox 876 1810 1089 1878; x_wconf 76' lang='lat' dir='ltr'><em>asserit,</em></span> <span class='ocrx_word' id='word_1_142' title='bbox 1142 1822 1338 1883; x_wconf 88' lang='lat' dir='ltr'><em>praeter</em></span> <span class='ocrx_word' id='word_1_143' title='bbox 1397 1810 1646 1882; x_wconf 84' lang='lat' dir='ltr'><em>quaedam</em></span> <span class='ocrx_word' id='word_1_144' title='bbox 1706 1811 1971 1884; x_wconf 76' lang='lat' dir='ltr'><em>exempla,</em></span> 
     </span>
     <span class='ocr_line' id='line_1_20' title="bbox 248 1904 1973 1975; baseline 0.001 -18"><span class='ocrx_word' id='word_1_145' title='bbox 248 1904 379 1958; x_wconf 83' lang='lat' dir='ltr'><em>alias</em></span> <span class='ocrx_word' id='word_1_146' title='bbox 429 1921 525 1957; x_wconf 80' lang='lat' dir='ltr'><em>esse</em></span> <span class='ocrx_word' id='word_1_147' title='bbox 578 1904 803 1957; x_wconf 77' lang='lat' dir='ltr'><em>rationes</em></span> <span class='ocrx_word' id='word_1_148' title='bbox 853 1904 1076 1969; x_wconf 70' lang='lat' dir='ltr'><em>inultas,</em></span> <span class='ocrx_word' id='word_1_149' title='bbox 1122 1921 1249 1974; x_wconf 85' lang='lat' dir='ltr'><em>quae</em></span> <span class='ocrx_word' id='word_1_150' title='bbox 1292 1904 1421 1975; x_wconf 71' lang='lat' dir='ltr'><em>leqes</em></span> <span class='ocrx_word' id='word_1_151' title='bbox 1464 1905 1875 1959; x_wconf 71' lang='lat' dir='ltr'><em>ainortizationis</em></span> <span class='ocrx_word' id='word_1_152' title='bbox 1916 1906 1973 1958; x_wconf 84' lang='lat' dir='ltr'><em>in</em></span> 
     </span>
     <span class='ocr_line' id='line_1_21' title="bbox 248 1997 1970 2071; baseline 0.002 -20"><span class='ocrx_word' id='word_1_153' title='bbox 248 1999 396 2052; x_wconf 83' lang='lat' dir='ltr'><em>certis</em></span> <span class='ocrx_word' id='word_1_154' title='bbox 449 1998 714 2071; x_wconf 79' lang='lat' dir='ltr'><em>adjunctis</em></span> <span class='ocrx_word' id='word_1_155' title='bbox 760 1997 928 2071; x_wconf 72' lang='lat' dir='ltr'><em>justas</em></span> <span class='ocrx_word' id='word_1_156' title='bbox 988 2016 1086 2052; x_wconf 84' lang='lat' dir='ltr'><em>esse</em></span> <span class='ocrx_word' id='word_1_157' title='bbox 1139 2016 1282 2070; x_wconf 72' lang='lat' dir='ltr'><em>posse</em></span> <span class='ocrx_word' id='word_1_158' title='bbox 1338 1999 1668 2071; x_wconf 76' lang='lat' dir='ltr'><em>persuadent.</em></span> <span class='ocrx_word' id='word_1_159' title='bbox 1729 1997 1970 2055; x_wconf 85' lang='lat' dir='ltr'><em>Rationes</em></span> 
     </span>
     <span class='ocr_line' id='line_1_22' title="bbox 249 2093 1969 2169; baseline 0.001 -20"><span class='ocrx_word' id='word_1_160' title='bbox 249 2107 450 2163; x_wconf 73' lang='lat' dir='ltr'><em>autem,</em></span> <span class='ocrx_word' id='word_1_161' title='bbox 511 2114 634 2167; x_wconf 83' lang='lat' dir='ltr'><em>quas</em></span> <span class='ocrx_word' id='word_1_162' title='bbox 688 2096 794 2168; x_wconf 82' lang='lat' dir='ltr'><em>ipse</em></span> <span class='ocrx_word' id='word_1_163' title='bbox 844 2095 1023 2164; x_wconf 75' lang='lat' dir='ltr'><em>affert,</em></span> <span class='ocrx_word' id='word_1_164' title='bbox 1070 2108 1165 2150; x_wconf 87' lang='lat' dir='ltr'><em>tres</em></span> <span class='ocrx_word' id='word_1_165' title='bbox 1211 2096 1475 2169; x_wconf 77' lang='lat' dir='ltr'><em>praecipue</em></span> <span class='ocrx_word' id='word_1_166' title='bbox 1519 2107 1667 2150; x_wconf 85' lang='lat' dir='ltr'><em>sunt:</em></span> <span class='ocrx_word' id='word_1_167' title='bbox 1718 2093 1800 2151; x_wconf 88' lang='grc' dir='ltr'><em>1.Ο</em></span> <span class='ocrx_word' id='word_1_168' title='bbox 1844 2097 1969 2166; x_wconf 78' lang='lat' dir='ltr'><em>quia,</em></span> 
     </span>
     <span class='ocr_line' id='line_1_23' title="bbox 248 2189 1973 2260; baseline 0.002 -19"><span class='ocrx_word' id='word_1_169' title='bbox 248 2190 369 2242; x_wconf 78' lang='lat' dir='ltr'><em>haec</em></span> <span class='ocrx_word' id='word_1_170' title='bbox 431 2189 689 2260; x_wconf 82' lang='lat' dir='ltr'><em>Principis</em></span> <span class='ocrx_word' id='word_1_171' title='bbox 739 2189 827 2242; x_wconf 74' lang='lat' dir='ltr'><em>lex</em></span> <span class='ocrx_word' id='word_1_172' title='bbox 872 2208 972 2242; x_wconf 88' lang='lat' dir='ltr'><em>non</em></span> <span class='ocrx_word' id='word_1_173' title='bbox 1015 2190 1153 2243; x_wconf 76' lang='lat' dir='ltr'><em>circa</em></span> <span class='ocrx_word' id='word_1_174' title='bbox 1194 2190 1325 2243; x_wconf 82' lang='lat' dir='ltr'><em>bona</em></span> <span class='ocrx_word' id='word_1_175' title='bbox 1368 2189 1662 2257; x_wconf 72' lang='lat' dir='ltr'><em>Ecclesiae,</em></span> <span class='ocrx_word' id='word_1_176' title='bbox 1706 2191 1794 2244; x_wconf 83' lang='lat' dir='ltr'><em>sed</em></span> <span class='ocrx_word' id='word_1_177' title='bbox 1835 2190 1973 2244; x_wconf 83' lang='lat' dir='ltr'><em>circa</em></span> 
     </span>
     <span class='ocr_line' id='line_1_24' title="bbox 249 2282 1972 2356; baseline 0.001 -19"><span class='ocrx_word' id='word_1_178' title='bbox 249 2286 379 2338; x_wconf 66' lang='lat' dir='ltr'><em>botta</em></span> <span class='ocrx_word' id='word_1_179' title='bbox 440 2283 617 2336; x_wconf 72' lang='lat' dir='ltr'><em>civilia</em></span> <span class='ocrx_word' id='word_1_180' title='bbox 658 2295 929 2337; x_wconf 75' lang='lat' dir='ltr'><em>versatur:</em></span> <span class='ocrx_word' id='word_1_181' title='bbox 978 2282 1058 2340; x_wconf 63' lang='lat'><em>2⁰</em></span> <span class='ocrx_word' id='word_1_182' title='bbox 1105 2285 1228 2356; x_wconf 81' lang='lat' dir='ltr'><em>quia</em></span> <span class='ocrx_word' id='word_1_183' title='bbox 1271 2303 1383 2337; x_wconf 77' lang='lat' dir='ltr'><em>cuni</em></span> <span class='ocrx_word' id='word_1_184' title='bbox 1427 2284 1655 2338; x_wconf 83' lang='lat' dir='ltr'><em>Ecclesia</em></span> <span class='ocrx_word' id='word_1_185' title='bbox 1697 2284 1848 2339; x_wconf 84' lang='lat' dir='ltr'><em>semel</em></span> <span class='ocrx_word' id='word_1_186' title='bbox 1890 2303 1972 2338; x_wconf 89' lang='lat' dir='ltr'><em>ac-</em></span> 
     </span>
     <span class='ocr_line' id='line_1_25' title="bbox 250 2378 1971 2449; baseline 0.001 -18"><span class='ocrx_word' id='word_1_187' title='bbox 250 2378 440 2449; x_wconf 82' lang='lat' dir='ltr'><em>quisita</em></span> <span class='ocrx_word' id='word_1_188' title='bbox 483 2378 707 2432; x_wconf 82' lang='lat' dir='ltr'><em>alienari</em></span> <span class='ocrx_word' id='word_1_189' title='bbox 749 2389 874 2432; x_wconf 70' lang='lat' dir='ltr'><em>vetet</em></span> <span class='ocrx_word' id='word_1_190' title='bbox 919 2379 977 2432; x_wconf 85' lang='lat' dir='ltr'><em>ob</em></span> <span class='ocrx_word' id='word_1_191' title='bbox 1021 2379 1297 2433; x_wconf 79' lang='lat' dir='ltr'><em>utilitatem</em></span> <span class='ocrx_word' id='word_1_192' title='bbox 1340 2379 1628 2446; x_wconf 70' lang='lat' dir='ltr'><em>Ecclesiae,</em></span> <span class='ocrx_word' id='word_1_193' title='bbox 1672 2397 1763 2432; x_wconf 85' lang='lat' dir='ltr'><em>cur</em></span> <span class='ocrx_word' id='word_1_194' title='bbox 1805 2378 1971 2433; x_wconf 81' lang='lat' dir='ltr'><em>simile</em></span> 
     </span>
     <span class='ocr_line' id='line_1_26' title="bbox 251 2472 1972 2544; baseline 0.001 -18"><span class='ocrx_word' id='word_1_195' title='bbox 251 2474 377 2543; x_wconf 76' lang='lat' dir='ltr'><em>quicl</em></span> <span class='ocrx_word' id='word_1_196' title='bbox 416 2472 677 2544; x_wconf 71' lang='lat' dir='ltr'><em>Principi,</em></span> <span class='ocrx_word' id='word_1_197' title='bbox 705 2483 899 2527; x_wconf 74' lang='lat' dir='ltr'><em>servato</em></span> <span class='ocrx_word' id='word_1_198' title='bbox 942 2485 1076 2527; x_wconf 78' lang='lat' dir='ltr'><em>recto</em></span> <span class='ocrx_word' id='word_1_199' title='bbox 1119 2474 1324 2540; x_wconf 58' lang='lat' dir='ltr'><em>ordinej</em></span> <span class='ocrx_word' id='word_1_200' title='bbox 1352 2491 1453 2526; x_wconf 88' lang='lat' dir='ltr'><em>non.</em></span> <span class='ocrx_word' id='word_1_201' title='bbox 1495 2474 1644 2527; x_wconf 83' lang='lat' dir='ltr'><em>liceat</em></span> <span class='ocrx_word' id='word_1_202' title='bbox 1688 2474 1746 2527; x_wconf 80' lang='lat' dir='ltr'><em>ob</em></span> <span class='ocrx_word' id='word_1_203' title='bbox 1788 2474 1972 2527; x_wconf 79' lang='lat' dir='ltr'><em>bonum</em></span> 
     </span>
     <span class='ocr_line' id='line_1_27' title="bbox 251 2564 1972 2639; baseline 0 -18"><span class='ocrx_word' id='word_1_204' title='bbox 251 2564 611 2639; x_wconf 71' lang='lat' dir='ltr'><em>reipublicae?</em></span> <span class='ocrx_word' id='word_1_205' title='bbox 659 2564 741 2623; x_wconf 80' lang='lat'><em>3.⁰</em></span> <span class='ocrx_word' id='word_1_206' title='bbox 786 2567 908 2638; x_wconf 86' lang='lat' dir='ltr'><em>quia</em></span> <span class='ocrx_word' id='word_1_207' title='bbox 966 2586 1057 2639; x_wconf 83' lang='lat' dir='ltr'><em>per</em></span> <span class='ocrx_word' id='word_1_208' title='bbox 1117 2568 1245 2621; x_wconf 76' lang='lat' dir='ltr'><em>lianc</em></span> <span class='ocrx_word' id='word_1_209' title='bbox 1306 2568 1464 2639; x_wconf 62' lang='lat' dir='ltr'><em>legem</em></span> <span class='ocrx_word' id='word_1_210' title='bbox 1526 2568 1866 2621; x_wconf 84' lang='lat' dir='ltr'><em>Ecclesiastici</em></span> <span class='ocrx_word' id='word_1_211' title='bbox 1928 2578 1972 2621; x_wconf 83' lang='lat' dir='ltr'><em>et</em></span> 
     </span>
     <span class='ocr_line' id='line_1_28' title="bbox 254 2662 1969 2734; baseline -0.001 -19"><span class='ocrx_word' id='word_1_212' title='bbox 254 2663 479 2716; x_wconf 83' lang='lat' dir='ltr'><em>Ecclesia</em></span> <span class='ocrx_word' id='word_1_213' title='bbox 531 2682 633 2715; x_wconf 85' lang='lat' dir='ltr'><em>non</em></span> <span class='ocrx_word' id='word_1_214' title='bbox 684 2663 956 2734; x_wconf 74' lang='lat' dir='ltr'><em>privantur</em></span> <span class='ocrx_word' id='word_1_215' title='bbox 993 2662 1117 2734; x_wconf 82' lang='lat' dir='ltr'><em>jure</em></span> <span class='ocrx_word' id='word_1_216' title='bbox 1161 2662 1445 2732; x_wconf 67' lang='lat' dir='ltr'><em>acquisita,</em></span> <span class='ocrx_word' id='word_1_217' title='bbox 1490 2663 1576 2716; x_wconf 83' lang='lat' dir='ltr'><em>sed</em></span> <span class='ocrx_word' id='word_1_218' title='bbox 1617 2662 1969 2732; x_wconf 72' lang='lat' dir='ltr'><em>acquirendo,</em></span> 
     </span>
     <span class='ocr_line' id='line_1_29' title="bbox 254 2756 1972 2830; baseline -0.001 -20"><span class='ocrx_word' id='word_1_219' title='bbox 254 2770 295 2810; x_wconf 82' lang='lat' dir='ltr'><em>et</em></span> <span class='ocrx_word' id='word_1_220' title='bbox 355 2758 562 2827; x_wconf 73' lang='lat' dir='ltr'><em>quidem,</em></span> <span class='ocrx_word' id='word_1_221' title='bbox 616 2758 741 2830; x_wconf 82' lang='lat' dir='ltr'><em>jure</em></span> <span class='ocrx_word' id='word_1_222' title='bbox 794 2756 1097 2827; x_wconf 78' lang='lat' dir='ltr'><em>acquirendi</em></span> <span class='ocrx_word' id='word_1_223' title='bbox 1141 2757 1271 2810; x_wconf 81' lang='lat' dir='ltr'><em>bona</em></span> <span class='ocrx_word' id='word_1_224' title='bbox 1313 2756 1473 2809; x_wconf 82' lang='lat' dir='ltr'><em>solum</em></span> <span class='ocrx_word' id='word_1_225' title='bbox 1517 2757 1582 2810; x_wconf 90' lang='lat' dir='ltr'><em>iis</em></span> <span class='ocrx_word' id='word_1_226' title='bbox 1625 2756 1766 2809; x_wconf 75' lang='lat' dir='ltr'><em>liausl</em></span> <span class='ocrx_word' id='word_1_227' title='bbox 1809 2774 1972 2811; x_wconf 87' lang='lat' dir='ltr'><em>neces-</em></span> 
     </span>
     <span class='ocr_line' id='line_1_30' title="bbox 250 2850 1809 2925; baseline 0.001 -20"><span class='ocrx_word' id='word_1_228' title='bbox 250 2853 413 2919; x_wconf 72' lang='lat' dir='ltr'><em>saria,</em></span> <span class='ocrx_word' id='word_1_229' title='bbox 450 2852 729 2924; x_wconf 76' lang='lat' dir='ltr'><em>privantur</em></span> <span class='ocrx_word' id='word_1_230' title='bbox 771 2862 939 2906; x_wconf 84' lang='lat' dir='ltr'><em>autem</em></span> <span class='ocrx_word' id='word_1_231' title='bbox 986 2870 1041 2906; x_wconf 93' lang='lat' dir='ltr'><em>eo</em></span> <span class='ocrx_word' id='word_1_232' title='bbox 1077 2851 1202 2925; x_wconf 84' lang='lat' dir='ltr'><em>jure</em></span> <span class='ocrx_word' id='word_1_233' title='bbox 1245 2850 1364 2906; x_wconf 83' lang='lat' dir='ltr'><em>boni</em></span> <span class='ocrx_word' id='word_1_234' title='bbox 1398 2850 1597 2924; x_wconf 79' lang='lat' dir='ltr'><em>publici</em></span> <span class='ocrx_word' id='word_1_235' title='bbox 1639 2868 1809 2907; x_wconf 87' lang='lat' dir='ltr'><em>causa.</em></span> 
     </span>
    </p>
   </div>
  </div>
 </body>
</html>
