2114 3289
541 120 586 195 ὃ.
626 143 695 180 w.
738 144 797 180 DE
845 144 1133 180 ro‘rsssrATE
1176 141 1437 180 summum
1700 125 1768 178 ‘23

128 246 292 305 forum
351 249 598 303 internum
650 248 914 320 pertinent.
975 244 1140 303 Nobis
1206 245 1454 318 agendum
1496 256 1571 300 est
1611 243 1674 299 de
1716 256 1853 318 pote-

132 356 257 400 state
298 342 563 415 judicandi
611 342 662 396 in
707 342 817 398 foro
861 355 1094 412 externo,
1137 361 1264 416 quae
1306 351 1525 415 potestas
1575 340 1626 393 in
1670 358 1854 410 cogno-

129 437 347 507 scendis,
375 449 421 492 et
464 437 768 493 definiendis
813 439 978 493 causis
1022 435 1377 492 ecclesiasticis
1421 435 1572 489 etiam
1614 435 1854 489 crimina-

123 530 257 587 libus
302 543 545 588 versatur.

202 624 417 681 Minime
470 646 589 682 sane
633 626 971 681 dubitandum
1015 638 1116 695 est,
1161 626 1284 698 quin
1328 643 1508 679 causae
1551 622 1855 679 ecclesiasti-

123 739 229 790 cae,
273 740 400 793 quae
445 722 684 776 nimirnm
729 721 794 776 ad
841 719 1013 789 fidem,
1055 738 1242 788 moreS‚
1287 730 1333 773 et
1375 718 1698 792 disciplinam
1742 734 1854 789 spe-

124 825 296 884 ctant,
359 814 470 870 foro
531 815 873 871 ecclesiastico
934 813 1167 869 addictae
1227 814 1364 883 sint3
1417 813 1599 867 etenim
1650 810 1855 882 negotia

126 908 489 977 ecclesiastica,
532 929 595 965 ex
637 908 831 982 Vigilio
875 908 938 966 P.
983 929 1061 985 ep.
1095 911 1188 978 15,
1232 908 1602 981 Episcoporum
1642 905 1853 979 judicio

121 1016 379 1059 reservata
421 1015 558 1072 suut,
585 1005 741 1077 idque
781 1004 947 1079 juxta
997 1003 1389 1059 ecclesiasticum
1431 1020 1648 1067 morem,
1686 1001 1854 1074 ματα

112 1110 360 1171 paternas
401 1100 731 1167 traditionem
771 1099 938 1174 juxta
980 1117 1181 1153 omnem
1230 1097 1590 1152 auctoritatem
1641 1112 1853 1165 erauye-

118 1192 271 1261 licae,
316 1194 721 1266 apostolicaeque
764 1194 1049 1250 doctrinae.
1096 1193 1170 1248 De
1215 1194 1507 1265 quaestione
1550 1187 1852 1245 Antiochiae

120 1299 267 1357 orta,
312 1307 375 1344 an
419 1290 737 1344 circumcisio
782 1299 1011 1343 aeternae
1054 1288 1206 1342 saluti
1249 1283 1631 1357 consequendae
1685 1302 1852 1338 neces-

120 1384 257 1438 saria
300 1395 464 1453 esset,
508 1380 741 1457 Apostoli
785 1383 837 1437 in
881 1381 1153 1437 concilium
1197 1379 1491 1451 congregati
1552 1380 1849 1434 sententiam

121 1478 516 1551 pronunciarunt
558 1479 639 1534 his
685 1477 889 1534 verbis:
941 1477 1118 1534 Visum
1163 1486 1232 1530 est
1273 1474 1500 1548 Spiritui
1541 1479 1761 1542 Sancto9
1807 1484 1851 1528 ec

119 1571 291 1643 nobf2'83
335 1571 518 1646 quihus
563 1572 769 1647 quidem
816 1573 981 1629 verbis
1025 1574 1363 1648 praesentiam
1407 1571 1581 1628 Sancti
1608 1570 1849 1645 Spiritus,

120 1666 446 1742 divinamque
485 1668 751 1740 judicandi
796 1680 1112 1744 potestatem,
1157 1689 1254 1742 qua
1299 1669 1516 1743 praediti
1560 1678 1721 1735 erant,
1765 1665 1851 1720 de-

119 1763 393 1820 clararunt.
439 1766 605 1819 Erant
647 1764 730 1819 illi
793 1765 1048 1819 divinitus
1107 1765 1267 1819 creati
1322 1764 1530 1837 judiees
1591 1761 1852 1836 ejusmodi

119 1859 586 1914 controversiarum
629 1859 691 1913 cle
733 1860 1009 1931 reliqioney
1054 1878 1213 1932 neque
1256 1860 1477 1914 liber-um
1518 1857 1715 1913 idcirco
1747 1860 1852 1911 Au-

114 1953 361 2008 tioclzem‘s
404 1964 536 2022 erat,
579 1965 757 2008 utrum
801 1956 871 2009 acl
915 1972 994 2010 eos
1037 1955 1179 2009 litem
1205 1972 1350 2008 suam
1395 1953 1598 2027 deferre
1641 1952 1848 2018 vellent,

114 2066 204 2101 uec
247 2067 334 2103 ne:
376 2067 555 2103 verum
592 2049 685 2123 jus
727 2050 897 2122 ipsum
940 2049 1180 2104 (livinum
1217 2049 1436 2122 jubebat
1480 2066 1559 2103 eos
1601 2048 1672 2102 acl
1714 2050 1850 2119 Apo-

115 2142 359 2197 stolorum
402 2144 635 2198 tribtmctl
678 2145 942 2211 accedere,
974 2156 1026 2199 ut
1070 2148 1179 2219 ipse
1224 2143 1542 2200 Moshemius
1588 2143 1849 2199 verissime

115 2237 328 2293 tradidit
386 2238 448 2293 de
502 2239 650 2294 rebus
694 2240 870 2296 christ.
917 2251 1029 2295 aute
1074 2238 1465 2296 Constantinum
1506 2235 1583 2295 M.
1630 2257 1761 2294 saec.
1811 2239 1834 2288 1

114 2327 161 2403 §.
209 2337 300 2391 56.
353 2334 586 2409 Apostoli
647 2354 873 2391 seorsum
935 2337 1086 2391 etiam
1152 2337 1202 2390 in
1265 2337 1430 2391 causis
1491 2333 1844 2390 ecclesiasticis

110 2427 439 2498 judicarunt,
484 2442 531 2485 et
572 2428 764 2485 Paulus
809 2430 1076 2485 exercendi
1137 2430 1319 2500 judicii
1383 2448 1615 2485 normam
1670 2426 1846 2482 Timo-

114 2522 282 2578 theum
343 2522 531 2580 docuit.
593 2522 787 2579 Eadem
840 2537 1082 2598 potestate
1126 2524 1382 2581 Ecclesiae
1426 2523 1689 2578 Antistites
1734 2540 1845 2595 per-

115 2628 260 2688 petuo
314 2619 390 2672 usi
434 2629 584 2688 sunt,
629 2637 843 2691 quorum
887 2621 1092 2691 judiciis
1139 2621 1365 2690 religiosi
1410 2617 1712 2690 Principes9
1759 2616 1845 2688 qui

119 2710 389 2784 imperium
433 2724 712 2782 tenuerunt,
741 2714 1071 2788 obsequentes
1116 2716 1336 2769 maxime
1380 2713 1607 2780 fuerunt3
1652 2722 1845 2765 tantum

117 2802 297 2872 abfuit,
341 2818 394 2861 ut
435 2807 590 2862 ullam
634 2809 885 2879 majestati
930 2829 1048 2865 suae
1091 2811 1335 2879 injuriam
1382 2807 1490 2861 ficri
1535 2806 1843 2860 arbitraren-

115 2908 209 2953 tur.
256 2896 386 2954 Hinc
431 2899 652 2958 Basilius
696 2900 977 2975 Imperator
1033 2904 1095 2958 ad
1142 2901 1403 2971 Synodum
1449 2899 1840 2957 Oecumenicam
