2114 3289
582 101 630 178 ὃ.
661 127 727 162 vi.
759 126 818 161 DE
849 123 1135 161 POTESTATE
1161 122 1421 160 molestum
1698 108 1773 159 25

211 230 278 288 At
322 249 436 287 vero
480 241 722 302 quantum
766 230 889 284 haec
933 230 1103 303 opinio
1148 251 1176 285 a
1221 228 1426 284 veritate
1470 226 1742 282 abhorreat
1769 245 1854 280 co-

132 327 307 398 gnosci
350 325 496 379 facile
538 325 740 397 poterit,
784 325 826 378 si
871 325 1334 379 animadvertamus
1361 342 1389 377 a
1416 322 1594 396 primis
1637 320 1852 376 saeculis

131 423 183 476 in
242 419 468 474 Ecclesia
522 417 676 473 fuisse
718 429 979 472 externum
1024 417 1226 485 forum,
1272 418 1322 470 in
1367 435 1465 489 quo
1510 416 1854 470 accusationes

131 514 289 587 recipi
332 532 430 569 non
465 524 714 587 poterant,
743 514 840 567 nisi
869 512 962 566 sub
989 523 1122 566 certo
1151 530 1357 566 numero
1387 511 1607 565 testium.
1636 507 1690 564 S.
1719 505 1856 560 Pau-

61 656 69 661 *
129 608 207 662 lus
252 627 329 682 ep.
376 606 399 661 I
442 627 552 681 cap.
602 611 632 660 5
682 627 727 662 v.
777 608 869 675 19,
915 605 980 659 ad
1022 604 1349 660 Timotheum
1392 603 1699 678 Episcopum
1731 600 1857 657 scri-

128 703 272 772 bens,
317 703 445 758 hanc
487 703 648 773 legem
691 700 986 772 judicialem
1030 702 1323 756 constituit:
1355 700 1613 755 Adversus
1647 696 1858 771 presby-

127 807 296 852 terum
346 797 718 851 accusationem
761 795 870 849 noli
912 795 1181 869 recipere,
1225 795 1327 848 nisi
1370 795 1459 849 suh
1504 795 1724 859 (11ιοῦ113,
1767 800 1860 845 aut

128 893 292 946 tribus
334 892 568 948 testibus:
612 909 741 963 quae
784 890 989 964 quidem
1034 891 1116 946 lex
1160 890 1224 945 ad
1269 889 1433 945 forum
1478 890 1729 943 internum
1755 905 1856 941 non

130 987 359 1043 refertur.
406 986 460 1044 S.
507 985 793 1061 Cyprianus
837 986 888 1040 in
932 986 1077 1060 epist.
1127 989 1198 1039 55
1244 1004 1294 1040 n.
1345 986 1414 1038 10
1462 982 1525 1038 ad
1565 981 1857 1038 Cornelium

129 1080 431 1138 Pontificem
475 1083 594 1138 data
644 1079 811 1156 (apud
856 1079 1118 1137 Constant.
1166 1081 1262 1136 col.
1312 1076 1458 1150 17²2)
1511 1089 1704 1145 narrat,
1732 1075 1860 1132 Car-

130 1178 390 1248 thaginem
451 1179 644 1233 venisse
704 1176 981 1230 Privatum
1033 1176 1346 1229 haereticum
1398 1175 1456 1228 in
1499 1171 1859 1227 Lambesitana

130 1283 249 1326 ante
293 1272 476 1326 multos
517 1272 624 1344 fere
666 1287 828 1324 annos
870 1271 930 1324 ob
973 1269 1138 1323 multa
1199 1279 1243 1323 et
1302 1268 1487 1339 yravia
1536 1266 1724 1321 delicta
1771 1283 1866 1317 ηο-

128 1367 347 1438 1169ἱηῑα
388 1366 759 1438 Episcopornm
786 1363 1038 1417 sententia
1064 1363 1485 1428 condemnatum,
1514 1360 1868 1432 eumdemque,

130 1480 243 1516 611111
297 1461 487 1516 ibidem
548 1461 601 1514 in
661 1457 891 1514 Concilio
959 1456 1105 1513 vellet
1165 1458 1347 1511 iterum
1411 1475 1619 1512 causam
1680 1471 1866 1524 agere,

128 1555 410 1610 admissmn
469 1571 573 1609 non
631 1553 805 1627 fuisse.
867 1552 1062 1609 Deinde
1123 1552 1274 1608 refert
1327 1552 1389 1607 de
1432 1550 1867 1626 pseudoepiscopo

127 1649 439 1720 Fortunato,
483 1661 529 1705 et
593 1650 744 1705 sociis
800 1646 1111 1719 Carthagine
1173 1647 1539 1703 condemnatis.
1602 1644 1740 1699 Haec
1802 1642 1868 1696 ad

129 1764 317 1800 annum
366 1749 480 1800 25⁶2
524 1757 664 1817 gesta
711 1755 842 1799 sunt.
887 1742 967 1797 Ex
1011 1739 1305 1797 Canonibus
1350 1739 1739 1815 Apostolorum,
1781 1737 1870 1810 qui

131 1840 279 1895 tertio
325 1852 410 1895 aut
452 1839 580 1895 forte
625 1850 805 1913 quarto
852 1835 1109 1892 Ecclesiae
1152 1836 1353 1892 saeculo
1397 1835 1519 1889 editi
1564 1845 1703 1901 sunt,
1747 1830 1870 1905 Epi-

127 1954 307 2009 scopus
353 1947 617 1991 accusatus
662 1932 816 1989 semel
860 1943 906 1986 61
948 1933 1130 1986 iterum
1160 1951 1188 1986 a
1220 1929 1428 2000 Synodo
1477 1927 1732 1984 vocandus
1776 1936 1870 1994 est,

130 2040 402 2102 antequam
447 2028 689 2084 adversus
733 2046 846 2081 eum
901 2026 1144 2081 sententia
1210 2024 1512 2098 proseratur.
1576 2020 1651 2075 Ita
1714 2020 1871 2089 Euty-

130 2123 296 2192 611611,
340 2122 678 2191 Dioscoruin,
724 2134 871 2194 atque
933 2120 1060 2175 alios
1117 2118 1309 2187 semel,
1358 2119 1577 2185 iterum⁹
1623 2135 1679 2170 ac
1725 2116 1869 2169 tertio

129 2227 333 2272 vocatos
394 2216 550 2271 fuisse
610 2227 804 2271 constat
857 2233 919 2269 ex
963 2216 1088 2269 actis
1136 2211 1352 2269 Concilii
1407 2209 1872 2282 Constantinopoli-

128 2312 270 2380 tani,
317 2309 784 2379 Chalcedonensis,
830 2309 1144 2382 aliorumque
1203 2305 1583 2374 Concilior1un3
1638 2316 1683 2358 ot
1734 2303 1869 2375 quod

127 2405 515 2461 Ecclesiasticae
573 2406 793 2461 lenitatis
862 2407 1124 2479 proprium
1186 2415 1287 2472 est„
1349 2400 1620 2457 Nestorius
1688 2410 1870 2470 quarta

127 2502 279 2555 etiam
326 2502 431 2555 vice
459 2520 486 2554 a
523 2498 752 2555 Concilio
797 2499 1053 2573 Ephesino
1099 2500 1279 2553 citatus
1324 2509 1414 2552 cst.
1462 2494 1565 2548 Pro
1615 2494 1869 2562 dignitate

130 2613 460 2668 personarum
523 2606 684 2648 certus
738 2603 974 2648 muncrus
1016 2593 1245 2663 judicum
1290 2590 1674 2664 postulabatur,
1733 2586 1869 2659 quod

132 2687 361 2743 Concilio
406 2688 428 2742 I
473 2687 887 2759 Carthaginiensi
932 2709 974 2744 6.
1027 2689 1090 2741 11
1154 2700 1354 2741 cautum
1399 2696 1488 2737 est.
1538 2682 1581 2735 A
1626 2683 1868 2735 sententia

129 2784 323 2853 judicis
369 2785 624 2841 inferioris
670 2785 735 2840 ad
772 2787 1087 2859 superiorem
1130 2783 1352 2853 judicem
1381 2780 1634 2853 appellare
1663 2778 1867 2845 licebat,

129 2878 263 2950 quod
307 2898 368 2933 ex
413 2880 627 2951 vulgatis
681 2880 957 2936 canonibus
1012 2879 1073 2934 (Ic
1138 2874 1481 2949 appellatione
1543 2871 1866 2928 manifestum
