2114 3289
357 98 467 170 248
539 116 633 153 mn.
663 116 734 152 m.
765 115 810 152 c,
835 115 886 151 ιι,
916 115 976 150 ΒΕ
1006 115 1161 151 uenus
1188 116 1330 154 Ecce.
1363 118 1568 153 Pornsr.
1597 117 1852 155 SUBJEGTIS

350 217 543 274 Causas
586 218 648 273 de
690 218 988 273 criminibus
1029 217 1382 273 ecclesiasticis
1425 220 1560 275 solus
1622 219 1779 290 judex
1830 220 1987 276 eccle-

270 314 504 368 siasticus
547 312 698 367 etiam
741 323 914 367 contra
940 311 1097 367 laicos
1125 313 1384 382 cognoscit
1409 324 1455 367 et
1485 314 1698 383 judicat,
1732 314 1985 386 siquidem

265 407 513 478 judicium
556 417 630 460 est
671 405 733 461 de
777 425 828 460 re
871 406 1144 480 spirituali,
1187 424 1274 460 seu
1299 404 1361 460 de
1388 407 1615 477 crimine,
1651 407 1787 481 quod
1815 419 1987 463 contra

269 501 440 569 fidem,
503 512 587 555 aut
646 498 965 571 Religionem
1041 512 1293 574 patratum
1353 512 1443 556 est.
1508 498 1693 558 Civilia
1772 503 1986 557 crimina

265 595 421 665 judex
479 595 638 650 laicus
699 607 871 649 contra
931 594 1087 650 laicos
1153 595 1430 666 cognoscit,
1500 607 1763 669 sontesque
1837 596 1987 667 justis

265 688 547 761 debitisque
590 690 764 763 poenis
808 701 1018 745 coercet.
1064 686 1292 744 Crimina
1336 691 1514 758 mixta,
1558 700 1663 743 tum
1714 689 1992 759 Ecclesiae,

267 794 372 837 tum
417 783 581 838 civilis
626 784 932 857 reipublicae
974 783 1165 854 judicio
1192 794 1239 837 et
1275 785 1566 839 coercitioni
1606 783 1826 840 obnoxia
1854 796 1989 855 sunt,

265 879 334 931 ita
379 889 544 933 tamen
587 889 639 932 ut
683 880 811 933 inter
853 890 1118 950 utrumque
1160 877 1346 946 forum,
1391 879 1433 932 si
1477 878 1633 933 laicus
1671 877 1821 933 fuerit
1855 898 1988 948 reuS,

266 975 329 1027 sit
390 973 526 1027 locus
589 974 951 1046 praeventioni,
1013 983 1065 1025 ut
1124 973 1363 1026 nimirum
1424 991 1573 1028 causa
1636 972 1701 1027 ab
1762 992 1820 1027 eo
1883 972 1993 1029 foro

268 1080 531 1136 noscatur,·
573 1066 707 1140 quod
771 1067 981 1121 alterum
1043 1068 1318 1140 praevenit,
1378 1068 1481 1122 sive
1542 1069 1760 1142 primum
1825 1079 1990 1123 actum

268 1162 563 1231 judicialem
607 1163 847 1217 exercuit.

349 1255 474 1311 Sunt
518 1268 682 1311 tamen
743 1257 829 1330 qui
891 1258 1202 1326 existimant,
1262 1259 1481 1331 primum
1543 1255 1668 1311 illud
1722 1275 1989 1312 causarum

271 1369 446 1420 genus,
490 1352 625 1424 quod
669 1353 882 1406 crimina
943 1351 1282 1406 ecelesiastica
1342 1353 1564 1424 respicit,
1624 1353 1753 1406 inter
1813 1370 1991 1406 causas

271 1447 465 1500 mimas
510 1446 865 1501 recensendum
909 1464 1034 1516 esse,
1078 1445 1191 1500 ideo
1252 1446 1388 1519 quod
1448 1447 1692 1515 haeresiS,
1745 1447 1988 1515 schisma,

270 1552 316 1595 et
360 1542 459 1596 alia
517 1541 569 1596 id
631 1559 784 1612 genus
847 1542 1081 1609 crimina,
1126 1560 1224 1596 non
1285 1541 1436 1596 modo
1496 1540 1772 1609 Ecclesiae,
1824 1559 1995 1595 verum

269 1636 420 1689 etiam
465 1636 770 1709 reipublicae
814 1646 1008 1690 nocent:
1053 1637 1102 1689 in
1147 1655 1302 1708 eaque
1328 1636 1570 1690 sententia
1609 1635 1763 1690 fuisse
1797 1633 1994 1689 videtur

272 1727 475 1785 Natalis
522 1729 828 1799 Alexander,
889 1728 1009 1783 dum
1070 1727 1203 1785 Hist.
1266 1727 1403 1784 Eccl.
1466 1748 1595 1784 saec.
1658 1726 1730 1782 IV
1790 1748 1900 1802 cap.
1962 1731 1995 1781 2

271 1827 493 1898 scripsit,
537 1842 714 1877 causas
756 1824 948 1877 mioelas
993 1841 1114 1890 esse,
1175 1842 1291 1876 cum
1349 1841 1453 1876 non
1503 1823 1760 1878 Ecclesiae
1805 1822 1990 1889 solum,

274 1920 361 1972 sed
404 1918 716 1990 reipublicae
754 1937 868 1991 paoe
895 1930 940 1972 ec
967 1918 1319 1990 tranquillitas
1361 1919 1419 1973 in
1461 1918 1742 1974 discrimen
1766 1929 1994 1974 vocatur.

269 2013 383 2067 ,Iam
431 2033 545 2069 vero
590 2015 632 2067 si
677 2013 969 2083 hujusmodi
1015 2033 1194 2068 causae
1249 2025 1487 2070 vocentur
1545 2014 1732 2069 mixtae
1783 2012 1985 2067 ratione

271 2108 496 2182 effecum,
559 2119 800 2181 quatenus
862 2108 1273 2178 ecclesiasticam,
1335 2119 1383 2162 et
1442 2108 1641 2162 civilem
1703 2109 1991 2163 societatem

271 2202 547 2270 offendunt,
575 2203 642 2255 ita
672 2213 721 2254 ut
750 2213 851 2255 tum
881 2200 1159 2271 Ecclesiae,
1195 2214 1297 2257 tum
1341 2201 1647 2276 reipublicae
1678 2202 1993 2256 vehementer

270 2299 465 2353 intersit
507 2298 759 2351 communi
802 2296 950 2351 saluti
994 2299 1300 2370 prospicere,
1344 2316 1442 2352 non
1495 2296 1699 2369 quidem
1744 2315 1991 2370 repugna-

271 2394 461 2461 bimus,
507 2393 609 2446 imo
653 2392 804 2446 etiam
848 2391 1135 2461 fatebimur,
1198 2392 1263 2446 ad
1322 2411 1378 2447 ea
1438 2392 1653 2446 crimina
1715 2390 1987 2446 coercenda

274 2488 402 2542 nihil
447 2505 553 2540 esse
597 2486 760 2559 aptius
803 2496 849 2539 et
891 2486 1138 2541 efficacius
1183 2487 1553 2560 conspiratione
1615 2498 1660 2540 et
1711 2484 1980 2540 concordia

274 2585 532 2653 utriusque
592 2582 861 2637 societatis,
925 2578 979 2635 Si
1045 2600 1159 2637 vero
1228 2582 1414 2636 mixtae
1491 2581 1723 2636 dicautur
1789 2580 1988 2634 ratione

272 2675 653 2747 competentiae,
681 2676 748 2729 ita
787 2675 978 2730 scilicet
1020 2677 1072 2729 ut
1108 2687 1356 2749 competat
1401 2695 1499 2731 nou
1528 2674 1676 2730 modo
1714 2673 1988 2744 Ecclesiae,

273 2770 359 2825 sed
409 2772 558 2824 etiam
609 2769 747 2825 civili
806 2770 1037 2842 potestati
1099 2768 1161 2823 (le
1219 2769 1400 2824 iisdem
1460 2770 1625 2824 causis
1687 2787 1989 2839 cognoscere

274 2877 319 2919 ot
379 2865 661 2933 decernere,
724 2865 860 2920 nullo
922 2876 1066 2938 pacto
1111 2883 1373 2937 possumus
1419 2865 1734 2933 consentire,
1779 2882 1991 2935 namque
