2114 3289
360 165 470 217 100
639 181 752 218 CAP.
781 179 832 216 11.
864 178 923 214 DE
953 177 1199 215 FoNTuws
1223 179 1362 215 smus
1392 178 1635 217 amorum

271 299 470 362 sumpta
514 286 730 353 fuerunt,
776 295 823 338 et
864 283 916 336 in
958 280 1049 337 Jus
1094 279 1409 339 Canonicum
1438 284 1712 353 translata,
1743 294 1848 339 tum
1877 284 1995 356 quia

271 385 324 439 in
366 383 577 453 negotiis
623 392 669 434 et
713 380 877 434 causis
922 379 1297 447 ecclesiasticis,
1328 378 1389 434 de
1433 379 1614 451 quibus
1645 381 1697 435 in
1735 381 1845 455 ipso
1875 378 1994 435 Jure

267 477 523 535 Canonico
608 475 737 529 nihil
796 475 1053 548 proditum
1116 486 1208 543 est,
1271 477 1577 548 perscrutari
1635 474 1771 531 Juris
1835 475 1998 530 civilis

265 573 484 643 regulaS,
530 590 712 643 easque
757 570 898 641 sequi
947 568 1205 624 debemus.
1253 567 1309 623 Si
1355 570 1467 641 quis
1514 571 1647 624 enim
1677 569 1731 627 S.
1761 568 1999 641 Gregorii

268 666 445 736 Magni
488 664 816 738 epistolarum
860 663 1018 717 libros
1062 663 1306 735 perlegat,
1351 664 1393 717 is
1447 662 1671 737 profecto
1715 675 1999 735 cognoscet,

267 759 320 815 S.
367 758 667 814 Pontificem
710 758 944 813 civilibus
975 756 1326 812 Romanorum
1359 757 1553 828 legibus
1612 759 1809 831 saepius
1856 776 2001 812 usum

266 854 440 922 fuisse,
483 852 784 925 easdemque
813 852 986 907 civiles
1016 851 1149 921 leges
1179 850 1467 925 Episcopis,
1499 852 1713 925 aliisque
1741 851 1994 922 judicibus

263 947 614 1002 ecclesiasticis
658 947 1004 1020 proposuisse,
1036 945 1218 1018 quibus
1247 946 1297 999 in
1333 946 1628 1001 exercendis
1657 945 1863 1016 judiciis
1894 958 1997 1000 ute-

270 1053 457 1098 rentur.
504 1040 621 1109 Qua
666 1040 726 1096 de
760 1059 811 1094 re
847 1041 1168 1114 potissimum
1213 1039 1423 1111 legenda
1452 1052 1524 1094 est
1554 1040 1778 1111 ejusdem
1822 1038 1996 1095 Ponti-

269 1136 378 1192 ficis
411 1136 621 1211 epistola
653 1135 717 1190 ad
749 1133 994 1190 Joannem
1041 1132 1367 1190 Defensorem
1399 1136 1449 1189 iu
1471 1132 1774 1208 Hispaniam
1804 1147 1998 1189 euntem

264 1231 570 1305 conscripta,
613 1233 666 1286 in
710 1249 808 1304 qua
852 1229 996 1284 illum
1041 1229 1253 1284 edocens
1299 1228 1727 1302 quemadmodum
1762 1229 1813 1283 in
1843 1229 1998 1284 eccle-

262 1325 481 1380 siasticis
526 1326 883 1380 controversiis
929 1343 980 1378 se
1023 1342 1194 1395 gerere
1237 1323 1459 1393 deberet,
1506 1343 1629 1396 quas
1690 1324 1736 1379 ei
1796 1323 1996 1395 regulas

261 1419 418 1488 dedit,
462 1439 545 1474 eas
590 1437 761 1474 omnes
806 1437 868 1473 ex
910 1419 1048 1473 civili
1093 1417 1443 1473 Romanorum
1486 1417 1606 1473 Jure
1652 1418 1982 1492 deprompsit.

344 1512 398 1570 S.
428 1511 664 1585 Gregorii
691 1512 869 1584 Magni
897 1513 1182 1586 exemplum
1209 1511 1296 1567 alii
1326 1510 1599 1568 Pontifices
1629 1513 1813 1568 imitati
1851 1524 1993 1568 sunt.

270 1608 595 1686 Quapropter
655 1607 841 1664 Lucius
887 1606 964 1662 III
1006 1628 1049 1664 c.
1099 1610 1123 1662 1
1174 1607 1235 1663 de
1288 1609 1405 1664 novi
1466 1628 1604 1683 oper.
1665 1610 1885 1665 nunciat.
1946 1610 1998 1664 in

272 1705 616 1761 controversia
659 1706 790 1759 inter
832 1703 958 1758 duas
1003 1701 1257 1758 Ecclesias
1301 1714 1475 1758 exorta
1536 1703 1600 1759 ob
1662 1703 1882 1777 capellae
1917 1722 2002 1758 cu-

265 1799 469 1870 jusdam
513 1798 939 1867 aedificationem,
984 1815 1097 1852 cum
1140 1795 1394 1871 Episcopo
1438 1795 1687 1853 Patavino
1723 1797 1884 1868 judici
1915 1796 2000 1852 de-

268 1895 433 1966 legato
477 1893 692 1948 dubium
733 1893 1022 1963 videretur,
1067 1903 1246 1947 ulrum
1290 1894 1535 1948 canonico
1570 1894 1786 1965 procedi
1827 1903 1999 1966 posset

261 1989 488 2064 judicio,
540 2008 654 2043 cum
698 1988 832 2043 nihil
875 1989 936 2042 (lc
980 1987 1307 2042 nuncialione
1369 1989 1487 2042 nori
1547 1988 1711 2061 operis
1770 2000 1891 2043 esset
1941 1989 1999 2042 in

269 2085 548 2139 canonibus
590 2083 876 2158 definitum,
920 2087 988 2140 ita
1035 2083 1319 2158 rescripsit:
1366 2082 1507 2139 Sicut
1558 2083 1813 2137 humanae
1870 2083 2000 2154 loyes

269 2197 373 2232 non
415 2179 769 2250 dedignamur
852 2198 1019 2233 sacros
1064 2197 1280 2233 canones
1320 2178 1538 2248 imitari,
1588 2178 1665 2233 ila
1726 2188 1770 2232 et
1830 2197 2000 2233 sacro-

270 2292 389 2327 rum
431 2283 619 2327 scutula
663 2292 917 2327 canonum
974 2273 1283 2346 Principum
1345 2272 1781 2327 constitutionibus
1843 2272 2001 2345 adju-

273 2379 479 2424 rantur.
524 2366 626 2423 Ubi
670 2366 853 2423 Glossa
897 2368 961 2422 ad
1009 2369 1214 2422 verbum
1273 2368 1597 2441 adjurantur
1640 2367 1761 2422 hacc
1815 2368 1993 2421 habet:

272 2467 340 2518 In
381 2481 536 2517 causa
579 2463 912 2516 ecclesiastica
957 2464 1085 2534 {eyes
1121 2480 1390 2534 possumus
1432 2463 1678 2533 alioqum,
1720 2472 1794 2530 ut,
1827 2462 1868 2515 si
1911 2480 2002 2515 ca-

270 2575 422 2610 nones
465 2556 723 2631 deficiant,
757 2557 916 2628 possit
953 2556 1192 2629 judicari
1237 2557 1514 2611 secundum
1542 2557 1688 2627 [eyes.
1722 2555 1785 2610 Et
1824 2554 1997 2610 Abbas

270 2655 321 2708 in
364 2653 498 2708 idem
544 2664 691 2727 caput
734 2672 869 2709 num.
922 2657 951 2706 3
997 2654 1176 2724 inquit:
1224 2656 1391 2707 Causa
1434 2652 1690 2706 Ecclesiae
1720 2652 1861 2705 debet
1907 2652 1995 2706 (le-

267 2748 372 2802 cicli
408 2767 506 2820 per
543 2747 634 2821 jus
677 2747 818 2802 civile
863 2748 920 2801 in
963 2747 1214 2820 defection
1258 2765 1529 2802 canonum.
1563 2745 1693 2801 Hinc
1737 2748 1997 2802 sententia

269 2856 440 2898 contra
483 2845 616 2915 leges
659 2844 852 2914 civileS‚
899 2844 972 2899 vel
1017 2862 1186 2899 sacros
1230 2861 1444 2897 canones
1496 2842 1560 2897 ab
1618 2841 1785 2912 judice
1829 2842 1985 2898 eccle-

268 2921 471 2993 siastico
514 2939 614 2994 lata
658 2940 768 3013 ipso
810 2939 919 3009 jure
963 2937 1097 2993 nulla
1140 2949 1232 3006 est,
1264 2949 1316 2991 ut
1360 2936 1573 2992 habetur
1613 2956 1656 2993 c.
1694 2937 1717 2989 1
1770 2935 1830 2991 de
1873 2955 1984 2991 sen-
