2114 3289
337 132 446 184 108
494 148 586 184 Lm.
608 148 660 183 11.
685 148 729 183 c.
759 147 794 181 1.
827 144 887 180 DE
914 145 963 179 B..
991 119 1260 181 pommcss
1289 145 1460 189 EJUSQ.
1486 145 1823 183 ADJUTORIBUS

253 249 308 308 S.
363 251 664 320 Hieronymi
723 250 774 303 in
838 245 1044 317 dialogo
1107 258 1280 302 contra
1324 245 1673 305 Luciferianos
1731 267 1869 320 num.
1919 253 1979 304 9:

250 345 506 400 Ecclesiae
549 342 684 396 salus
743 340 801 394 in
841 339 1046 396 Summi
1107 341 1399 396 Sacerdotis
1459 342 1711 414 diqnitate
1763 342 1979 414 pendet,

254 440 338 494 cui
379 440 423 494 si
466 456 568 491 uon
612 453 788 491 exsors
831 435 1109 508 quaedam,
1154 447 1200 490 et
1243 434 1305 489 ab
1348 437 1580 492 omnibus
1624 437 1851 492 eminens
1895 436 1982 491 de-

253 544 340 588 tur
372 542 617 606 potestaS,
662 541 735 585 tot
785 531 844 586 in
885 530 1128 585 Ecclesiis
1189 530 1467 604 efficientur
1525 531 1818 600 schismata,
1861 540 1985 603 quot

252 627 568 685 Sacerdotes.

333 720 434 777 Sed
461 720 587 776 illud
625 721 808 795 poterit
850 721 1096 792 injustum
1133 720 1388 793 aliquibus
1433 719 1614 791 videri,
1643 721 1778 795 quod
1822 739 1986 795 poena

254 816 502 871 afficiatur
544 815 848 890 Episcopus9
877 817 964 889 qui
1008 834 1108 870 non
1152 814 1384 888 deliquit.
1429 813 1718 873 Praeclare.
1763 814 1818 872 S.
1845 814 1987 871 Tho-

257 929 365 965 mas
413 913 445 964 2
492 913 525 963 2
569 921 758 983 quaest.
807 912 919 970 108
965 921 1060 966 art.
1109 913 1170 965 4:
1217 912 1418 977 Poena,
1473 910 1658 984 inquit,
1710 910 1988 982 dupliciter

249 1016 412 1078 potest
455 1005 797 1061 considerari.
847 1007 957 1060 Uno
1010 1004 1163 1058 modo
1223 1004 1502 1058 secundum
1560 1004 1816 1059 rationem
1865 1022 1990 1077 poe-

257 1118 376 1167 uae,
422 1110 467 1154 et
508 1100 787 1154 secuudum
830 1098 922 1153 hoc
974 1117 1145 1172 poena
1187 1117 1291 1153 uon
1352 1098 1563 1153 debetur
1605 1099 1707 1153 nisi
1758 1108 1989 1171 peccam,

255 1196 381 1266 quia
415 1215 513 1269 per
548 1214 770 1269 poenam
812 1205 1093 1269 reparatur
1134 1194 1420 1266 aequalitas
1447 1194 1712 1268 justitiae,
1739 1194 1795 1249 in
1829 1212 1993 1266 quan-

257 1301 367 1344 tum
408 1291 536 1357 ille,
581 1290 670 1362 qui
706 1290 968 1362 peccando
1010 1290 1166 1344 nimis
1208 1300 1403 1344 secutus
1447 1300 1515 1344 est
1565 1307 1711 1344 suam
1759 1289 1993 1344 volunta-

260 1396 382 1453 tem,
426 1385 632 1457 aliquid
672 1395 851 1439 contra
883 1402 1029 1438 suam
1061 1384 1374 1439 voluntatem
1410 1385 1633 1457 patitur.
1680 1384 1800 1438 Alio
1841 1383 1993 1438 modo

251 1490 417 1553 potest
464 1479 786 1534 considerari
827 1497 1037 1552 Ροεηα,
1081 1479 1139 1534 in
1182 1490 1433 1551 quantum
1477 1490 1546 1534 est
1587 1480 1849 1534 medicina
1890 1496 1994 1532 uon

262 1575 425 1629 solum
452 1575 688 1629 sanativa
721 1573 922 1647 peccati
959 1574 1255 1646 praeteriti,
1283 1574 1372 1628 sed
1414 1574 1570 1629 etiam
1606 1572 1995 1647 praeservativa

261 1689 293 1725 a
313 1682 521 1743 peccato
562 1671 763 1743 sutum,
793 1669 872 1724 cel
915 1670 1069 1724 etiam
1106 1670 1400 1742 promotica
1442 1671 1495 1724 in
1541 1669 1755 1742 aliquod
1787 1670 1993 1724 bonum.

260 1767 326 1818 Et
369 1765 647 1819 secuudum
707 1763 797 1818 lzoc
856 1764 1048 1836 aliquis
1090 1764 1356 1818 interdum
1392 1764 1617 1836 punitur
1659 1764 1766 1818 sine
1810 1763 1993 1836 culpa,

261 1878 366 1913 uon
418 1871 588 1913 tamen
640 1859 747 1913 siue
792 1877 964 1915 causa.
1026 1858 1299 1914 Doctrinae
1342 1857 1464 1915 Divi
1507 1858 1739 1915 Thomae
1783 1858 1997 1914 mirifice

264 1957 509 2010 consentit
553 1955 721 2025 regula
772 1957 842 2009 ⁶23
889 1954 950 2009 de
992 1952 1058 2010 R.
1104 1952 1151 2010 J.
1183 1956 1234 2008 in
1281 1958 1334 2023 6,
1365 1955 1461 2010 hoc
1505 1966 1612 2009 est:
1659 1954 1781 2010 Siue
1825 1953 1996 2025 culpa,

264 2049 365 2102 uisi
411 2049 563 2102 subsit
609 2066 798 2115 causa,
844 2068 946 2102 non
1006 2060 1073 2103 est
1134 2049 1325 2120 aliquis
1379 2049 1696 2121 puniendus,
1758 2048 1893 2119 Ergo
1955 2049 1998 2103 si

266 2163 418 2198 causa
463 2144 644 2212 subsit,
672 2144 857 2216 aliquis
901 2145 1053 2198 etiam
1097 2145 1203 2199 sine
1249 2144 1394 2218 culpa
1438 2145 1607 2219 puniri
1652 2145 1851 2218 poterit.
1899 2141 1998 2197 Ita-

264 2257 358 2311 que
401 2240 443 2293 si
487 2238 539 2292 id
583 2237 838 2292 Ecclesiae
899 2240 1169 2294 necessitas
1231 2250 1509 2313 exposcat,
1554 2237 1836 2312 Episcopus
1881 2256 1998 2293 con-

266 2334 407 2405 queri
449 2334 560 2403 jure
603 2334 792 2404 nequit,
837 2333 972 2405 quod
1017 2333 1326 2407 Episcopatu
1371 2334 1622 2407 privetur:
1670 2352 1819 2388 causa
1864 2332 1997 2386 enim

265 2427 521 2482 Ecclesiae
565 2426 829 2500 temporali
874 2428 1032 2500 ipsius
1077 2425 1318 2501 Episcopi
1357 2428 1561 2481 utilitati
1592 2427 1738 2497 longe
1764 2426 2000 2481 multum-

268 2541 362 2594 que
404 2532 641 2595 praestat.

350 2615 414 2670 At
475 2635 590 2671 vero
651 2613 959 2688 Episcopum
1020 2615 1312 2670 destitutum
1367 2616 1772 2689 compensatione
1823 2613 1993 2686 aliqua

270 2709 556 2764 leniendum
618 2729 723 2764 esse
786 2709 997 2763 libenter
1039 2711 1280 2764 sentimus
1324 2729 1435 2763 cum
1480 2709 1554 2763 De
1598 2708 1749 2763 Petra
1795 2720 1917 2764 tom.
1967 2710 1991 2761 1

272 2823 455 2859 comni.
502 2806 550 2859 in
597 2805 796 2860 constit.
846 2807 877 2856 2
922 2801 1106 2858 Leonis
1151 2802 1227 2857 IX
1270 2822 1407 2858 num.
1459 2807 1554 2872 39,
1601 2803 1686 2857 uhi
1731 2804 1834 2858 ait:
1889 2801 2001 2856 Ali-

269 2898 406 2967 quod
463 2898 738 2953 discrimen
802 2909 869 2953 est
929 2898 985 2952 iu
1046 2916 1164 2952 casu
1226 2898 1632 2953 remmciaeionis
1686 2898 1744 2952 ol»
1797 2897 2000 2969 culpam
