2114 3289
663 102 710 176 §-
758 124 877 162 Lxu.
925 126 984 160 ne
1027 125 1348 162 MATmMoulo
1665 111 1769 164 231

143 232 422 302 argumenti
467 231 567 285 vim
608 230 863 303 perspexit
904 226 1146 286 Calvinus
1188 231 1295 303 ipse
1337 228 1427 286 lib.
1473 233 1509 283 4
1542 227 1706 286 Instit.
1743 251 1854 306 cap.

145 327 215 379 19
259 321 457 395 §.17:
507 322 604 377 Ubi
646 323 783 377 enim
825 323 1001 393 semel,
1045 324 1233 396 inquit,
1277 323 1538 378 obtinuere
1589 323 1858 391 catholici,

139 417 524 472 matrimonium
571 435 668 471 esse
711 421 1100 473 Sacramentum
1117 459 1138 484 2
1184 417 1542 491 conjugalium
1584 436 1858 473 causarum

142 512 477 582 coqnitionem
522 512 591 565 aci
632 529 680 566 se
722 522 1022 578 traxerant,
1066 511 1251 583 qnippe
1294 529 1374 566 res
1415 512 1703 584 spiritualis
1746 523 1857 579 erat

129 605 368 677 profanis
404 605 673 678 judicibus
714 625 816 659 non
858 606 1197 662 attrectanda.

217 699 442 754 Tertiam
487 700 699 772 denique
742 702 1057 768 sententiam,
1084 719 1210 773 quae
1254 701 1383 756 hanc
1421 713 1714 775 potestatem
1752 715 1856 757 tum

137 792 541 863 Ecclesiae9t1nn
586 792 910 868 Principibus
956 794 1203 863 concedit9
1233 796 1506 870 amplexati
1550 808 1663 851 sunt
1706 799 1853 870 pauci

136 907 342 943 numero
387 888 615 944 doctores
659 908 771 943 cum
815 887 1067 957 Sanchez,
1112 890 1197 962 qui
1240 889 1331 946 lib.
1382 895 1408 943 7
1456 890 1587 964 disp.
1637 895 1667 945 3
1714 909 1850 947 num.
1915 895 1922 898 ”

139 984 171 1034 2
214 983 336 1037 haec
380 983 562 1038 habet:
608 984 803 1054 Absque
847 984 1003 1037 dubio
1047 983 1324 1037 dicendam
1366 995 1464 1051 cstj
1504 1002 1646 1056 posse
1692 985 1854 1038 Prin-

135 1077 294 1148 cipem
356 1078 668 1131 saecularem
728 1097 794 1132 ecc
852 1096 1033 1150 genere
1095 1089 1139 1132 et
1198 1088 1389 1133 natura
1441 1097 1559 1133 suae
1596 1080 1859 1151 potestatis

137 1172 460 1226 matrimonii
503 1172 871 1243 impedimenta
915 1172 1219 1226 dirimentia
1255 1172 1493 1246 fidelibus
1522 1174 1618 1228 sibi
1644 1174 1859 1228 subditis

134 1284 202 1319 eoe
255 1265 399 1338 justa
460 1285 613 1320 causa
670 1267 774 1319 suis
824 1266 1015 1337 legibus
1057 1266 1287 1321 indicere
1332 1286 1388 1321 eo
1422 1279 1575 1339 pacto
1595 1311 1615 1335 9
1659 1285 1757 1338 quo
1798 1269 1858 1322 id

133 1360 384 1432 Pontifex
427 1364 667 1416 Summus
700 1371 881 1433 potest.
931 1361 1134 1415 Fatetur
1176 1372 1340 1415 autem
1384 1363 1514 1417 hanc
1558 1374 1852 1435 potestatem

135 1473 388 1508 reservare
432 1455 529 1509 sibi
572 1454 844 1510 Pontifices
886 1456 1145 1528 potuisse3
1190 1474 1345 1527 quare
1388 1453 1652 1529 Principes
1705 1456 1855 1512 modo

133 1561 378 1622 nequeunt
422 1550 781 1623 impedimenta
807 1551 1187 1604 matrimonium
1218 1550 1508 1605 dirimentia
1535 1553 1851 1608 constituere.

132 1641 378 1698 Eamdem
423 1646 719 1699 sententiam
763 1644 917 1698 tradit
958 1641 1138 1698 Petrus
1184 1643 1306 1700 Soto
1349 1645 1438 1699 lib.
1469 1647 1502 1697 4
1536 1645 1597 1699 de
1632 1648 1853 1702 matrim.

131 1738 183 1792 in
228 1738 340 1794 fine.
395 1736 735 1792 Veruntamen
779 1739 842 1793 ab
886 1738 1179 1807 hujusmodi
1223 1741 1463 1793 sententia
1511 1739 1655 1793 valde
1701 1740 1854 1795 distat

131 1833 332 1905 opinio,
377 1850 528 1904 quam
573 1829 857 1887 Canonicus
902 1829 1037 1886 Litta
1080 1830 1497 1902 Mediolanensis,
1542 1833 1655 1888 aliis
1700 1837 1851 1889 etiam

132 1926 387 1981 erroribus
432 1925 676 1994 famosus„
735 1926 1007 1999 explicavit
1067 1927 1117 1980 in
1168 1946 1315 2000 opere
1358 1928 1524 1982 italice
1568 1929 1850 2002 conscripto

129 2042 156 2078 ((
196 2026 273 2076 De
297 2021 421 2094 jure
448 2022 789 2076 constituendi
817 2022 1187 2094 impedimenta
1230 2023 1554 2077 matrimonii
1593 2034 1637 2079 )).
1684 2023 1856 2096 Siqui-

131 2115 243 2170 dem
287 2117 369 2171 hic
414 2129 589 2187 auctor
632 2118 683 2171 in
726 2117 1085 2193 constituendis
1139 2117 1512 2190 impedimentis
1566 2118 1847 2173 dirimenti-

127 2210 220 2265 bus
282 2223 506 2265 mutnam
561 2213 818 2284 utriusque
868 2212 1127 2285 potestatis
1172 2213 1551 2267 consensionem
1593 2213 1851 2286 postulat,

108 2301 195 2359 ‘ita
242 2316 406 2359 tamen
449 2317 501 2359 ut
542 2306 689 2379 plane
732 2306 1019 2376 significet,
1072 2304 1328 2360 Ecclesiae
1392 2318 1686 2379 potestatem
1747 2326 1853 2362 esse

130 2418 230 2455 non
277 2401 478 2473 proprie
522 2400 874 2469 constituendi„
916 2400 1002 2453 sed
1046 2411 1238 2454 tantum
1283 2400 1594 2474 proponendi
1635 2384 1852 2475 impedi-

129 2506 294 2548 menta
342 2495 720 2549 matrimonium
764 2495 1092 2563 dirimentia3
1136 2494 1287 2567 idque
1331 2494 1576 2549 adhibitis
1621 2495 1852 2569 publicae

127 2587 356 2641 utilitatis
419 2598 465 2641 et
524 2588 797 2642 honestatis
853 2589 1172 2657 rationibus,
1217 2588 1397 2661 quibus
1443 2589 1621 2661 optimi
1666 2591 1850 2661 quique

126 2678 389 2754 Principes
434 2682 498 2736 ad
542 2681 716 2737 eadem
759 2683 1121 2757 impedimenta
1176 2681 1486 2754 adoptanda‚
1531 2701 1718 2754 suaque
1762 2703 1849 2737 au-

127 2775 354 2828 ctoritate
416 2776 701 2831 roboranda
764 2789 1076 2832 moveantur.
1133 2775 1190 2829 In
1242 2776 1337 2830 hac
1399 2777 1567 2847 itaque
1631 2795 1680 2829 re
1724 2777 1851 2831 nihil

127 2867 382 2924 Ecclesiae
425 2874 753 2946 praescriptio
798 2873 946 2941 valet,
990 2874 1087 2927 nisi
1116 2891 1245 2944 quae
1291 2872 1628 2944 proposuerit,
1671 2871 1846 2928 eadem
