2114 3289
703 245 1093 326 CAPUT
1153 249 1277 326 Π.

508 495 581 561 DE
639 494 914 563 FONTIBUS
972 493 1137 562 tulus
1197 493 1456 561 GlNONlGI

896 732 939 809 S.
990 740 1078 793 14.

152 900 225 947 DE
264 900 525 947 PONTIUM
559 901 718 948 JURIS
756 901 1034 947 CANONICI
1070 899 1445 947 DEFINITIONE
1485 900 1559 944 ET
1595 899 1841 947 NUMERO

211 1089 344 1147 Fons
387 1092 590 1165 proprie
632 1091 772 1147 locus
815 1103 907 1160 est,
951 1110 1013 1146 ex
1056 1110 1154 1164 quo
1199 1091 1392 1165 aliquid
1437 1090 1566 1162 ssuit3
1608 1103 1655 1146 et
1680 1110 1854 1164 quem-

132 1184 408 1240 admodum
469 1186 639 1240 omnia
700 1186 814 1255 jura
875 1185 938 1240 31)
999 1185 1170 1257 aliquo
1230 1186 1516 1255 legislatore
1560 1183 1736 1254 fluunt,
1782 1187 1853 1240 sic

132 1280 284 1333 etiam
327 1291 447 1351 quot
489 1290 603 1334 sunt
648 1279 723 1332 vel
766 1278 963 1333 fuerunt
1005 1279 1057 1332 in
1101 1277 1328 1333 Ecclesia
1387 1278 1723 1348 legislatores,
1784 1290 1856 1334 tot

132 1370 270 1427 Juris
315 1373 641 1428 ecclesiastici
668 1371 829 1427 fontes
855 1372 1078 1427 habendi
1106 1384 1265 1428 erunt.
1294 1371 1529 1439 Quatuor
1564 1374 1719 1443 igitur
1744 1384 1858 1427 sunt

131 1467 460 1522 ecclesiastici
502 1464 638 1521 Juris
700 1466 883 1535 fontes9
943 1466 1355 1539 quandoquidem
1415 1478 1632 1539 quatuor
1689 1467 1856 1537 legum

139 1560 595 1615 ecclesiasticarum
655 1560 839 1616 latores
883 1561 1226 1631 agnoscimus,
1270 1580 1428 1633 neque
1470 1561 1658 1634 plures,
1702 1581 1860 1635 neque

129 1656 391 1728 pauciores
406 1698 421 1723 9
465 1673 641 1729 nempe
684 1652 919 1710 Christus
962 1653 1108 1710 Jesus
1151 1656 1309 1729 ipsius
1337 1655 1593 1711 Ecclesiae
1619 1655 1859 1710 fundator

132 1761 178 1804 et
246 1750 526 1820 legislator,
588 1750 706 1804 dein
765 1747 998 1824 Apostoli
1058 1762 1298 1824 potestate
1357 1751 1421 1805 ab
1481 1754 1591 1826 ipso
1651 1749 1856 1807 Christo

131 1855 353 1917 accepta,
398 1856 502 1899 tum
546 1843 742 1899 Summi
787 1843 1080 1915 PontificeS,
1125 1845 1339 1919 denique
1368 1844 1609 1920 Episcopi
1645 1847 1698 1900 in
1725 1843 1858 1901 Con-

134 1938 267 1992 ciliis
311 1940 622 2009 congregati.

216 2029 282 2086 At
326 2052 441 2088 vero
485 2031 791 2089 Canonistae
834 2035 1004 2089 latiori
1066 2054 1215 2089 sensu
1271 2033 1432 2106 fontes
1490 2034 1745 2109 appellant
1801 2054 1859 2090 ea

138 2126 270 2195 loca,
313 2128 364 2181 in
408 2127 591 2199 quibus
635 2126 724 2182 Jus
768 2129 935 2201 ipsum
995 2130 1266 2198 invenitur,
1326 2140 1590 2203 propterea
1635 2129 1771 2203 quod
1814 2140 1861 2185 et

132 2221 266 2290 jura9
310 2232 356 2274 et
397 2222 524 2291 juris
569 2233 841 2290 momenta,
886 2235 1281 2296 argumentaque
1324 2236 1370 2278 et
1414 2225 1635 2279 rationes
1680 2225 1744 2280 ab
1781 2225 1860 2279 his

136 2315 261 2370 locis
306 2315 457 2370 veluti
517 2315 738 2371 fontibus
799 2317 1116 2373 hauriantur.
1180 2317 1322 2374 Sicut
1381 2320 1537 2389 igitur
1596 2337 1673 2388 ea,
1733 2338 1860 2391 quae

137 2408 370 2466 Christus
431 2410 677 2467 Dominus
739 2411 909 2468 (locuit
950 2424 997 2467 et
1038 2415 1314 2488 praecepit,
1374 2433 1563 2487 quaeve
1627 2412 1862 2487 Apostoli

135 2504 469 2575 tradiderunt,
514 2507 566 2560 in
610 2504 768 2562 Sacra
813 2505 1076 2582 Scriptura
1122 2509 1197 2564 vel
1241 2507 1542 2564 Traditione
1579 2520 1862 2578 servantum

137 2618 262 2671 quae
324 2618 439 2655 vero
516 2621 543 2655 a
613 2599 838 2657 Summis
905 2599 1261 2671 Pontificibus,
1323 2614 1407 2658 aut
1467 2603 1531 2657 31)
1591 2601 1858 2676 Episcopis

142 2695 333 2748 sancita
375 2706 509 2763 sunt,
554 2696 606 2749 in
659 2693 1115 2753 Constitutionibus
1177 2695 1502 2753 Summorum
1556 2693 1862 2752 Pontificum

140 2799 186 2841 et
227 2789 278 2842 in
320 2786 612 2845 Canonihus
657 2788 1002 2846 Conciliorum
1046 2792 1355 2862 generalium
1400 2792 1735 2860 continentur,
1789 2792 1861 2846 sic

141 2892 356 2953 quatuor
415 2896 677 2941 numerant
737 2885 1063 2944 ecclesiastici
1122 2885 1259 2942 Juris
1322 2885 1510 2955 sonteS,
1569 2905 1745 2960 nempe
1805 2889 1860 2944 S.
