2114 3289
355 86 464 137 230
551 103 641 138 1111.
671 103 738 137 111.
769 102 887 136 6.11.
919 101 978 135 DE
1008 101 1162 137 Renes
1195 103 1330 139 ecct.
1366 103 1571 138 POTEST.
1601 103 1854 139 sunsssc‘rls

256 217 359 260 tum
403 205 687 273 Ecclesiae,
731 216 835 258 tum
879 202 1205 278 Principibus
1248 205 1545 261 tribuerunt.
1591 205 1822 287 Priorem
1866 225 1982 261 sen-⁵

256 302 461 355 tentiam
505 299 778 353 docuerunt
821 296 1183 367 Protestantes,
1227 299 1314 370 qui
1358 301 1733 354 matrimonium
1778 299 1975 355 dumta-

261 405 348 448 xat.
390 395 664 447 humanum
707 403 754 446 et
797 391 997 447 civilem
1041 404 1351 447 contractum
1397 393 1720 450 arbitrantur.
1766 393 1845 448 Ex
1879 395 1974 449 hoc

252 489 382 542 enim
427 505 594 541 errore
637 487 978 558 consequitur,
1023 486 1307 542 absolutam
1352 485 1578 559 Regibus
1622 508 1728 543 esse
1773 490 1823 542 in
1869 506 1975 542 ma-

252 582 490 635 trimonio
519 592 832 654 potestatem,
868 581 1278 654 quandoquidem
1306 583 1513 636 humani
1547 584 1816 656 civilesque
1860 601 1977 638 con-

258 686 442 728 tractus
497 674 832 728 saecularium
885 672 1182 748 Principum
1225 675 1419 745 legibus
1462 676 1514 729 in
1559 694 1854 748 unaquaque
1897 695 1977 730 so-

254 770 429 823 cietate
482 770 814 824 continentur.
878 767 1022 824 Hanc
1066 772 1363 825 sententiam
1407 771 1723 825 anathemate
1764 771 1976 843 perculit

252 860 296 916 Τ
303 862 630 918 ridentinumv
672 861 957 918 Concilium
1017 883 1139 920 sess.
1198 867 1271 917 24
1313 865 1374 919 de
1419 884 1548 920 sacr.
1596 866 1815 919 matrim.
1861 883 1972 920 can.

252 960 321 1012 4:
384 957 442 1013 Si
501 957 615 1028 quis
674 958 878 1012 discerit
937 959 1218 1013 Ecclesiam
1267 978 1370 1014 non
1405 959 1629 1031 potuisse
1673 958 1975 1013 constituere

249 1052 620 1123 impedimenta
646 1053 1037 1108 matrimonium
1081 1054 1409 1121 dirimentia,
1436 1054 1710 1108 anathema
1751 1053 1832 1109 sit.
1879 1051 1976 1107 Ve-

253 1166 364 1201 rum
424 1148 651 1202 nonnulli
712 1160 976 1218 auctores,
1037 1151 1123 1222 qui
1173 1169 1284 1205 cum
1346 1151 1610 1205 haereticis
1662 1150 1880 1217 sentire,
1926 1159 1972 1202 et

251 1241 488 1297 catholici
548 1242 727 1297 haberi
780 1244 988 1313 volunt,
1033 1244 1377 1300 definitionem
1421 1242 1638 1299 Concilii
1680 1243 1969 1298 Tridentini

254 1335 401 1389 malis
448 1337 640 1392 artibus
701 1337 900 1392 eludere
945 1340 1110 1393 conati
1154 1351 1288 1394 sunt.
1331 1336 1550 1394 Joannes
1594 1336 1872 1408 Launojus,
1917 1338 1967 1391 in

252 1448 399 1502 opere
443 1430 503 1484 de
548 1432 765 1500 regiain
794 1434 1173 1487 matrimonium
1218 1445 1477 1506 potestate,
1508 1435 1858 1506 interpretatus
1896 1442 1970 1485 est

249 1521 504 1578 Ecclesiae
548 1527 747 1579 nomine
791 1526 1108 1596 designatum
1135 1547 1163 1581 a
1190 1526 1504 1582 Tridentinis
1541 1525 1776 1581 Patribus
1812 1526 1967 1580 fuisse

252 1636 351 1673 nou
396 1618 624 1673 ordinem
669 1618 1019 1688 Sacerdotum,
1047 1622 1133 1675 sed
1180 1624 1466 1677 universnm
1503 1621 1726 1676 fidelium
1753 1632 1966 1688 coetum,

253 1725 297 1767 et
341 1714 391 1767 in
435 1716 613 1787 primis
659 1713 822 1785 Reges
866 1727 1013 1788 atque
1056 1714 1339 1790 Principes,
1377 1716 1440 1771 ad
1485 1735 1610 1789 quos
1651 1735 1708 1770 ea
1750 1727 1968 1789 potestas

249 1809 451 1881 proprie
495 1811 726 1882 pertinet,
764 1820 810 1863 et
853 1828 1067 1881 quorum
1111 1812 1311 1865 nomine
1353 1823 1399 1864 et
1441 1813 1736 1866 auctoritate
1779 1810 1843 1864 ab
1886 1829 1966 1864 or-

249 1902 365 1957 dine
418 1901 732 1959 Sacerdotali
784 1917 1057 1960 exercetur.
1104 1903 1319 1976 Launoji
1363 1905 1628 1960 audaciam
1671 1906 1967 1977 compressit

249 1993 437 2051 Auctor
485 1998 891 2052 observationum.
936 2000 991 2052 in
1035 1999 1223 2053 librum
1268 2002 1343 2055 M.
1387 2001 1437 2054 J.
1481 1999 1713 2073 Lawzojt
1756 1998 1967 2052 Theolo-

247 2090 301 2161 9t‘
346 2092 677 2158 Parisiensz's,
722 2095 806 2165 qni
851 2095 1145 2150 inscrilntur
1187 2095 1248 2148 (lc
1290 2095 1436 2164 reqia
1479 2095 1535 2148 z'n
1578 2094 1967 2148 matrimonium

243 2197 528 2256 potestate,
574 2188 659 2241 ubi
702 2200 746 2242 et
790 2190 976 2243 malam
1020 2187 1235 2260 Launoji
1286 2189 1436 2245 fidem
1489 2191 1540 2244 in
1589 2190 1795 2244 testibus
1857 2208 1966 2243 cor-

255 2281 582 2354 rumpendis,
629 2284 918 2338 truncandis
962 2297 1007 2338 et
1050 2285 1431 2354 adulterandis,
1474 2296 1521 2339 et
1571 2286 1677 2355 ejus
1736 2283 1963 2338 fallacias

251 2374 448 2447 aliaque
491 2375 543 2430 id
587 2395 739 2445 genus
776 2378 989 2447 ingenuo
1017 2381 1260 2451 scriptore
1289 2398 1493 2452 prorsus
1520 2378 1729 2449 indigua
1757 2377 1960 2432 detexit.

283 2465 287 2469 ’
332 2470 558 2524 Alteram
619 2472 911 2525 sententiam
974 2484 1169 2526 tuentur
1211 2474 1447 2528 catholici
1490 2473 1591 2527 fere
1634 2491 1823 2528 omnes.
1884 2469 1963 2524 Ex

249 2583 349 2637 quo
392 2566 527 2618 enim
572 2567 946 2620 matrimonium
992 2566 1056 2619 ad
1100 2562 1395 2635 (lignitatem
1440 2566 1752 2622 Sacramenti
1778 2565 1963 2619 elatum

250 2670 360 2726 est,
405 2671 697 2732 potestatem
747 2659 1104 2733 impedimenta
1156 2660 1443 2715 dirimentia
1504 2659 1836 2716 construendi
1896 2657 1961 2712 ad

252 2772 398 2807 unam
443 2752 721 2809 Ecclesiam
767 2755 1012 2827 pertinere
1055 2765 1267 2827 oportet,
1294 2773 1421 2827 quae
1463 2755 1526 2809 ab
1570 2755 1678 2827 ipso
1722 2753 1827 2808 Deo
1862 2753 1963 2808 col-

249 2845 402 2901 latam
448 2847 597 2903 habet
647 2850 780 2903 circa
835 2867 911 2902 res
972 2849 1257 2921 spirituales
1315 2848 1735 2919 jurisdictionem.
1797 2846 1959 2916 Hujus
