<?xml version="1.0" encoding="UTF-8"?>
<!DOCTYPE html PUBLIC "-//W3C//DTD XHTML 1.0 Transitional//EN"
    "http://www.w3.org/TR/xhtml1/DTD/xhtml1-transitional.dtd">
<html xmlns="http://www.w3.org/1999/xhtml" xml:lang="en" lang="en">
 <head>
  <title>
</title>
<meta http-equiv="Content-Type" content="text/html;charset=utf-8" />
  <meta name='ocr-system' content='tesseract 3.04.00' />
  <meta name='ocr-capabilities' content='ocr_page ocr_carea ocr_par ocr_line ocrx_word'/>
</head>
<body>
  <div class='ocr_page' id='page_1' title='image "./joanniscardinali00sogl_0332.png"; bbox 0 0 2114 3289; ppageno 0'>
   <div class='ocr_carea' id='block_1_1' title="bbox 363 155 1840 210">
    <p class='ocr_par' dir='ltr' id='par_1_1' title="bbox 363 155 1840 210">
     <span class='ocr_line' id='line_1_1' title="bbox 363 155 1840 210; baseline 0.001 -6"><span class='ocrx_word' id='word_1_1' title='bbox 363 155 471 204; x_wconf 70' lang='lat'>158</span> <span class='ocrx_word' id='word_1_2' title='bbox 520 171 614 205; x_wconf 73' lang='lat' dir='ltr'>mr..</span> <span class='ocrx_word' id='word_1_3' title='bbox 645 171 695 204; x_wconf 88' lang='lat' dir='ltr'>n.</span> <span class='ocrx_word' id='word_1_4' title='bbox 722 169 765 202; x_wconf 78' lang='lat' dir='ltr'>o.</span> <span class='ocrx_word' id='word_1_5' title='bbox 790 168 820 202; x_wconf 82' lang='lat' dir='ltr'>t.</span> <span class='ocrx_word' id='word_1_6' title='bbox 855 167 911 202; x_wconf 70' lang='lat' dir='ltr'>nn</span> <span class='ocrx_word' id='word_1_7' title='bbox 940 169 987 202; x_wconf 76' lang='lat' dir='ltr'>r..</span> <span class='ocrx_word' id='word_1_8' title='bbox 1014 167 1277 203; x_wconf 64' lang='lat' dir='ltr'>rou‘rirtcss</span> <span class='ocrx_word' id='word_1_9' title='bbox 1307 167 1474 210; x_wconf 65' lang='lat' dir='ltr'><strong>EJI’SQ.</strong></span> <span class='ocrx_word' id='word_1_10' title='bbox 1508 167 1840 206; x_wconf 65' lang='lat' dir='ltr'>Austrontssrs</span> 
     </span>
    </p>
   </div>
   <div class='ocr_carea' id='block_1_2' title="bbox 270 270 1998 2045">
    <p class='ocr_par' dir='ltr' id='par_1_2' title="bbox 273 270 1994 530">
     <span class='ocr_line' id='line_1_2' title="bbox 273 270 1994 347; baseline -0.002 -17"><span class='ocrx_word' id='word_1_11' title='bbox 273 274 535 330; x_wconf 78' lang='lat' dir='ltr'>Romanae</span> <span class='ocrx_word' id='word_1_12' title='bbox 579 271 854 339; x_wconf 71' lang='lat' dir='ltr'>Ecclesiae,</span> <span class='ocrx_word' id='word_1_13' title='bbox 883 282 986 325; x_wconf 89' lang='lat' dir='ltr'>tum</span> <span class='ocrx_word' id='word_1_14' title='bbox 1030 271 1149 342; x_wconf 85' lang='lat' dir='ltr'>quia</span> <span class='ocrx_word' id='word_1_15' title='bbox 1188 270 1523 327; x_wconf 86' lang='lat' dir='ltr'>ecclesiastica</span> <span class='ocrx_word' id='word_1_16' title='bbox 1568 274 1766 342; x_wconf 82' lang='lat' dir='ltr'>negotia</span> <span class='ocrx_word' id='word_1_17' title='bbox 1811 274 1994 347; x_wconf 86' lang='lat' dir='ltr'>optime</span> 
     </span>
     <span class='ocr_line' id='line_1_3' title="bbox 277 363 1994 439; baseline -0.001 -17"><span class='ocrx_word' id='word_1_18' title='bbox 277 382 476 437; x_wconf 72' lang='lat' dir='ltr'>norunt,</span> <span class='ocrx_word' id='word_1_19' title='bbox 521 380 565 421; x_wconf 89' lang='lat' dir='ltr'>et</span> <span class='ocrx_word' id='word_1_20' title='bbox 616 366 792 420; x_wconf 86' lang='lat' dir='ltr'>ceteris</span> <span class='ocrx_word' id='word_1_21' title='bbox 855 364 1032 419; x_wconf 90' lang='lat' dir='ltr'>melius</span> <span class='ocrx_word' id='word_1_22' title='bbox 1093 363 1320 434; x_wconf 88' lang='lat' dir='ltr'>judicare</span> <span class='ocrx_word' id='word_1_23' title='bbox 1381 378 1606 439; x_wconf 73' lang='lat' dir='ltr'>possunt9</span> <span class='ocrx_word' id='word_1_24' title='bbox 1654 368 1886 439; x_wconf 85' lang='lat' dir='ltr'>quisnam</span> <span class='ocrx_word' id='word_1_25' title='bbox 1930 368 1994 421; x_wconf 86' lang='lat' dir='ltr'>sit</span> 
     </span>
     <span class='ocr_line' id='line_1_4' title="bbox 275 458 1504 530; baseline -0.002 -12"><span class='ocrx_word' id='word_1_26' title='bbox 275 464 339 518; x_wconf 85' lang='lat' dir='ltr'>ad</span> <span class='ocrx_word' id='word_1_27' title='bbox 384 474 573 517; x_wconf 84' lang='lat' dir='ltr'>tantum</span> <span class='ocrx_word' id='word_1_28' title='bbox 618 459 879 529; x_wconf 81' lang='lat' dir='ltr'>dignitatis</span> <span class='ocrx_word' id='word_1_29' title='bbox 908 458 1182 530; x_wconf 62' lang='lat' dir='ltr'>&gt;¹fastigium</span> <span class='ocrx_word' id='word_1_30' title='bbox 1227 458 1504 528; x_wconf 81' lang='lat' dir='ltr'>eligendus.</span> 
     </span>
    </p>

    <p class='ocr_par' dir='ltr' id='par_1_3' title="bbox 270 551 1998 2045">
     <span class='ocr_line' id='line_1_5' title="bbox 355 551 1994 628; baseline -0.002 -17"><span class='ocrx_word' id='word_1_31' title='bbox 355 556 454 611; x_wconf 85' lang='lat' dir='ltr'>Sed</span> <span class='ocrx_word' id='word_1_32' title='bbox 500 555 732 628; x_wconf 84' lang='lat' dir='ltr'>quamvis</span> <span class='ocrx_word' id='word_1_33' title='bbox 777 553 951 608; x_wconf 81' lang='lat' dir='ltr'>electio</span> <span class='ocrx_word' id='word_1_34' title='bbox 997 552 1194 609; x_wconf 83' lang='lat' dir='ltr'>Summi</span> <span class='ocrx_word' id='word_1_35' title='bbox 1256 551 1520 607; x_wconf 84' lang='lat' dir='ltr'>Pontificis</span> <span class='ocrx_word' id='word_1_36' title='bbox 1565 555 1628 609; x_wconf 89' lang='lat' dir='ltr'>ad</span> <span class='ocrx_word' id='word_1_37' title='bbox 1691 556 1823 610; x_wconf 86' lang='lat' dir='ltr'>solos</span> <span class='ocrx_word' id='word_1_38' title='bbox 1869 553 1994 610; x_wconf 83' lang='lat' dir='ltr'>Car-</span> 
     </span>
     <span class='ocr_line' id='line_1_6' title="bbox 273 645 1990 723; baseline -0.002 -18"><span class='ocrx_word' id='word_1_39' title='bbox 273 650 464 705; x_wconf 85' lang='lat' dir='ltr'>dinales</span> <span class='ocrx_word' id='word_1_40' title='bbox 509 650 771 723; x_wconf 75' lang='lat' dir='ltr'>pertineat,</span> <span class='ocrx_word' id='word_1_41' title='bbox 800 651 850 702; x_wconf 90' lang='lat' dir='ltr'>in</span> <span class='ocrx_word' id='word_1_42' title='bbox 894 668 977 703; x_wconf 87' lang='lat' dir='ltr'>eos</span> <span class='ocrx_word' id='word_1_43' title='bbox 1023 660 1208 716; x_wconf 71' lang='lat' dir='ltr'>tamen,</span> <span class='ocrx_word' id='word_1_44' title='bbox 1238 645 1367 702; x_wconf 88' lang='lat' dir='ltr'>Sede</span> <span class='ocrx_word' id='word_1_45' title='bbox 1396 659 1624 717; x_wconf 74' lang='lat' dir='ltr'>vacante,</span> <span class='ocrx_word' id='word_1_46' title='bbox 1667 669 1764 705; x_wconf 91' lang='lat' dir='ltr'>non</span> <span class='ocrx_word' id='word_1_47' title='bbox 1814 649 1990 703; x_wconf 75' lang='lat' dir='ltr'>transit</span> 
     </span>
     <span class='ocr_line' id='line_1_7' title="bbox 270 739 1993 815; baseline -0.001 -17"><span class='ocrx_word' id='word_1_48' title='bbox 270 744 555 814; x_wconf 77' lang='lat' dir='ltr'>jurisdictio</span> <span class='ocrx_word' id='word_1_49' title='bbox 618 741 906 812; x_wconf 72' lang='lat' dir='ltr'>Pontificis,</span> <span class='ocrx_word' id='word_1_50' title='bbox 951 762 1078 815; x_wconf 87' lang='lat' dir='ltr'>quae</span> <span class='ocrx_word' id='word_1_51' title='bbox 1129 762 1156 796; x_wconf 89' lang='lat' dir='ltr'>a</span> <span class='ocrx_word' id='word_1_52' title='bbox 1202 739 1407 797; x_wconf 84' lang='lat' dir='ltr'>Christo</span> <span class='ocrx_word' id='word_1_53' title='bbox 1468 741 1733 797; x_wconf 77' lang='lat' dir='ltr'>dimanans</span> <span class='ocrx_word' id='word_1_54' title='bbox 1793 744 1993 797; x_wconf 89' lang='lat' dir='ltr'>nonnisi</span> 
     </span>
     <span class='ocr_line' id='line_1_8' title="bbox 271 835 1991 914; baseline -0.002 -21"><span class='ocrx_word' id='word_1_55' title='bbox 271 857 514 914; x_wconf 80' lang='lat' dir='ltr'>personae</span> <span class='ocrx_word' id='word_1_56' title='bbox 575 837 864 892; x_wconf 88' lang='lat' dir='ltr'>eorumdem</span> <span class='ocrx_word' id='word_1_57' title='bbox 928 835 1241 891; x_wconf 88' lang='lat' dir='ltr'>Pontificum</span> <span class='ocrx_word' id='word_1_58' title='bbox 1297 835 1479 891; x_wconf 90' lang='lat' dir='ltr'>collata</span> <span class='ocrx_word' id='word_1_59' title='bbox 1531 847 1630 891; x_wconf 85' lang='lat' dir='ltr'>est:</span> <span class='ocrx_word' id='word_1_60' title='bbox 1692 856 1844 909; x_wconf 87' lang='lat' dir='ltr'>quare</span> <span class='ocrx_word' id='word_1_61' title='bbox 1905 856 1991 891; x_wconf 91' lang='lat' dir='ltr'>nec</span> 
     </span>
     <span class='ocr_line' id='line_1_9' title="bbox 276 929 1997 1004; baseline -0.002 -17"><span class='ocrx_word' id='word_1_62' title='bbox 276 934 536 1004; x_wconf 82' lang='lat' dir='ltr'>regiminis</span> <span class='ocrx_word' id='word_1_63' title='bbox 600 932 926 986; x_wconf 87' lang='lat' dir='ltr'>ecclesiastici</span> <span class='ocrx_word' id='word_1_64' title='bbox 988 930 1205 985; x_wconf 88' lang='lat' dir='ltr'>formam</span> <span class='ocrx_word' id='word_1_65' title='bbox 1265 932 1552 999; x_wconf 71' lang='lat' dir='ltr'>immutare,</span> <span class='ocrx_word' id='word_1_66' title='bbox 1596 949 1684 985; x_wconf 89' lang='lat' dir='ltr'>nec</span> <span class='ocrx_word' id='word_1_67' title='bbox 1745 929 1997 985; x_wconf 89' lang='lat' dir='ltr'>Constitu-</span> 
     </span>
     <span class='ocr_line' id='line_1_10' title="bbox 271 1025 1991 1097; baseline -0.002 -15"><span class='ocrx_word' id='word_1_68' title='bbox 271 1030 429 1083; x_wconf 89' lang='lat' dir='ltr'>tiones</span> <span class='ocrx_word' id='word_1_69' title='bbox 475 1047 559 1081; x_wconf 89' lang='lat' dir='ltr'>seu</span> <span class='ocrx_word' id='word_1_70' title='bbox 604 1027 736 1096; x_wconf 82' lang='lat' dir='ltr'>leges</span> <span class='ocrx_word' id='word_1_71' title='bbox 782 1025 1088 1080; x_wconf 88' lang='lat' dir='ltr'>universales</span> <span class='ocrx_word' id='word_1_72' title='bbox 1143 1025 1376 1093; x_wconf 75' lang='lat' dir='ltr'>condere,</span> <span class='ocrx_word' id='word_1_73' title='bbox 1422 1043 1579 1097; x_wconf 87' lang='lat' dir='ltr'>neque</span> <span class='ocrx_word' id='word_1_74' title='bbox 1641 1044 1853 1079; x_wconf 81' lang='lat' dir='ltr'>canones</span> <span class='ocrx_word' id='word_1_75' title='bbox 1915 1044 1991 1079; x_wconf 86' lang='lat' dir='ltr'>re-</span> 
     </span>
     <span class='ocr_line' id='line_1_11' title="bbox 274 1117 1994 1195; baseline -0.002 -19"><span class='ocrx_word' id='word_1_76' title='bbox 274 1123 446 1177; x_wconf 78' lang='lat' dir='ltr'>laxare</span> <span class='ocrx_word' id='word_1_77' title='bbox 489 1122 591 1175; x_wconf 88' lang='lat' dir='ltr'>ullo</span> <span class='ocrx_word' id='word_1_78' title='bbox 638 1132 781 1195; x_wconf 88' lang='lat' dir='ltr'>pacto</span> <span class='ocrx_word' id='word_1_79' title='bbox 827 1120 1011 1188; x_wconf 74' lang='lat' dir='ltr'>valent,</span> <span class='ocrx_word' id='word_1_80' title='bbox 1057 1119 1144 1174; x_wconf 89' lang='lat' dir='ltr'>sed</span> <span class='ocrx_word' id='word_1_81' title='bbox 1187 1140 1244 1174; x_wconf 89' lang='lat' dir='ltr'>ea</span> <span class='ocrx_word' id='word_1_82' title='bbox 1298 1120 1466 1175; x_wconf 90' lang='lat' dir='ltr'>omnia</span> <span class='ocrx_word' id='word_1_83' title='bbox 1527 1119 1694 1174; x_wconf 87' lang='lat' dir='ltr'>futuro</span> <span class='ocrx_word' id='word_1_84' title='bbox 1759 1117 1994 1173; x_wconf 83' lang='lat' dir='ltr'>Pontifici</span> 
     </span>
     <span class='ocr_line' id='line_1_12' title="bbox 274 1211 1997 1289; baseline -0.003 -18"><span class='ocrx_word' id='word_1_85' title='bbox 274 1229 608 1284; x_wconf 71' lang='lat' dir='ltr'>reservantur9</span> <span class='ocrx_word' id='word_1_86' title='bbox 653 1214 1081 1289; x_wconf 86' lang='lat' dir='ltr'>quemadmodum</span> <span class='ocrx_word' id='word_1_87' title='bbox 1124 1214 1285 1269; x_wconf 76' lang='lat' dir='ltr'>edixit</span> <span class='ocrx_word' id='word_1_88' title='bbox 1328 1212 1450 1268; x_wconf 89' lang='lat' dir='ltr'>Pius</span> <span class='ocrx_word' id='word_1_89' title='bbox 1497 1211 1571 1267; x_wconf 92' lang='lat' dir='ltr'>IV</span> <span class='ocrx_word' id='word_1_90' title='bbox 1613 1215 1664 1268; x_wconf 93' lang='lat' dir='ltr'>in</span> <span class='ocrx_word' id='word_1_91' title='bbox 1709 1212 1878 1281; x_wconf 75' lang='lat' dir='ltr'>Bulla,</span> <span class='ocrx_word' id='word_1_92' title='bbox 1915 1232 1997 1267; x_wconf 85' lang='lat' dir='ltr'>cu-</span> 
     </span>
     <span class='ocr_line' id='line_1_13' title="bbox 274 1306 1995 1382; baseline -0.002 -17"><span class='ocrx_word' id='word_1_93' title='bbox 274 1314 352 1382; x_wconf 83' lang='lat' dir='ltr'>jus</span> <span class='ocrx_word' id='word_1_94' title='bbox 398 1314 598 1366; x_wconf 87' lang='lat' dir='ltr'>initium</span> <span class='ocrx_word' id='word_1_95' title='bbox 646 1315 712 1364; x_wconf 83' lang='grc' dir='ltr'>Ιη</span> <span class='ocrx_word' id='word_1_96' title='bbox 755 1309 1022 1379; x_wconf 70' lang='lat' dir='ltr'>eliqemi&#39;z&#39;S.</span> <span class='ocrx_word' id='word_1_97' title='bbox 1069 1307 1361 1364; x_wconf 88' lang='lat' dir='ltr'>Cardinalis</span> <span class='ocrx_word' id='word_1_98' title='bbox 1406 1320 1570 1363; x_wconf 90' lang='lat' dir='ltr'>tamen</span> <span class='ocrx_word' id='word_1_99' title='bbox 1613 1306 1995 1363; x_wconf 76' lang='lat' dir='ltr'>poenitentiarii</span> 
     </span>
     <span class='ocr_line' id='line_1_14' title="bbox 272 1400 1998 1477; baseline -0.002 -17"><span class='ocrx_word' id='word_1_100' title='bbox 272 1405 511 1477; x_wconf 49' lang='grc' dir='ltr'>Μῃονὶς,</span> <span class='ocrx_word' id='word_1_101' title='bbox 555 1417 601 1459; x_wconf 90' lang='lat' dir='ltr'>et</span> <span class='ocrx_word' id='word_1_102' title='bbox 643 1402 934 1459; x_wconf 85' lang='lat' dir='ltr'>Cardinalis</span> <span class='ocrx_word' id='word_1_103' title='bbox 979 1401 1262 1458; x_wconf 89' lang='lat' dir='ltr'>Camerarii</span> <span class='ocrx_word' id='word_1_104' title='bbox 1307 1404 1490 1472; x_wconf 77' lang='lat' dir='ltr'>officia,</span> <span class='ocrx_word' id='word_1_105' title='bbox 1536 1415 1683 1476; x_wconf 90' lang='lat' dir='ltr'>atque</span> <span class='ocrx_word' id='word_1_106' title='bbox 1744 1401 1868 1456; x_wconf 86' lang='lat' dir='ltr'>adeo</span> <span class='ocrx_word' id='word_1_107' title='bbox 1923 1400 1998 1456; x_wconf 85' lang='lat' dir='ltr'>fa-</span> 
     </span>
     <span class='ocr_line' id='line_1_15' title="bbox 273 1496 1997 1574; baseline -0.003 -18"><span class='ocrx_word' id='word_1_108' title='bbox 273 1502 480 1557; x_wconf 86' lang='lat' dir='ltr'>cultates</span> <span class='ocrx_word' id='word_1_109' title='bbox 524 1519 613 1574; x_wconf 88' lang='lat' dir='ltr'>per</span> <span class='ocrx_word' id='word_1_110' title='bbox 664 1511 874 1554; x_wconf 88' lang='lat' dir='ltr'>mortem</span> <span class='ocrx_word' id='word_1_111' title='bbox 935 1496 1201 1553; x_wconf 87' lang='lat' dir='ltr'>Pontificis</span> <span class='ocrx_word' id='word_1_112' title='bbox 1272 1516 1370 1553; x_wconf 91' lang='lat' dir='ltr'>non</span> <span class='ocrx_word' id='word_1_113' title='bbox 1432 1499 1683 1572; x_wconf 73' lang='lat' dir='ltr'>expirant,</span> <span class='ocrx_word' id='word_1_114' title='bbox 1743 1496 1877 1570; x_wconf 88' lang='lat' dir='ltr'>quod</span> <span class='ocrx_word' id='word_1_115' title='bbox 1934 1516 1997 1551; x_wconf 77' lang='lat' dir='ltr'>ex</span> 
     </span>
     <span class='ocr_line' id='line_1_16' title="bbox 276 1590 1996 1666; baseline -0.003 -16"><span class='ocrx_word' id='word_1_116' title='bbox 276 1598 427 1651; x_wconf 90' lang='lat' dir='ltr'>citata</span> <span class='ocrx_word' id='word_1_117' title='bbox 489 1594 637 1648; x_wconf 89' lang='lat' dir='ltr'>Bulla</span> <span class='ocrx_word' id='word_1_118' title='bbox 697 1592 781 1647; x_wconf 91' lang='lat' dir='ltr'>Pii</span> <span class='ocrx_word' id='word_1_119' title='bbox 826 1590 899 1645; x_wconf 88' lang='lat' dir='ltr'>IV</span> <span class='ocrx_word' id='word_1_120' title='bbox 959 1603 1269 1666; x_wconf 89' lang='lat' dir='ltr'>compertum</span> <span class='ocrx_word' id='word_1_121' title='bbox 1328 1604 1419 1647; x_wconf 86' lang='lat' dir='ltr'>est.</span> <span class='ocrx_word' id='word_1_122' title='bbox 1483 1590 1737 1660; x_wconf 73' lang='lat' dir='ltr'>Ceterum,</span> <span class='ocrx_word' id='word_1_123' title='bbox 1790 1602 1996 1646; x_wconf 82' lang='lat' dir='ltr'>vacante</span> 
     </span>
     <span class='ocr_line' id='line_1_17' title="bbox 276 1684 1990 1759; baseline -0.004 -14"><span class='ocrx_word' id='word_1_124' title='bbox 276 1689 425 1758; x_wconf 75' lang='lat' dir='ltr'>Sede,</span> <span class='ocrx_word' id='word_1_125' title='bbox 469 1687 822 1743; x_wconf 87' lang='lat' dir='ltr'>Cardinalium</span> <span class='ocrx_word' id='word_1_126' title='bbox 867 1686 1030 1741; x_wconf 87' lang='lat' dir='ltr'>officia</span> <span class='ocrx_word' id='word_1_127' title='bbox 1059 1697 1207 1758; x_wconf 91' lang='lat' dir='ltr'>atque</span> <span class='ocrx_word' id='word_1_128' title='bbox 1237 1685 1361 1741; x_wconf 89' lang='lat' dir='ltr'>adeo</span> <span class='ocrx_word' id='word_1_129' title='bbox 1388 1687 1522 1756; x_wconf 71' lang='lat' dir='ltr'>jura,</span> <span class='ocrx_word' id='word_1_130' title='bbox 1553 1697 1749 1759; x_wconf 88' lang='lat' dir='ltr'>praeter</span> <span class='ocrx_word' id='word_1_131' title='bbox 1794 1684 1990 1740; x_wconf 89' lang='lat' dir='ltr'>Summi</span> 
     </span>
     <span class='ocr_line' id='line_1_18' title="bbox 275 1778 1991 1852; baseline -0.003 -14"><span class='ocrx_word' id='word_1_132' title='bbox 275 1783 540 1840; x_wconf 87' lang='lat' dir='ltr'>Pontificis</span> <span class='ocrx_word' id='word_1_133' title='bbox 584 1782 896 1849; x_wconf 69' lang='lat' dir='ltr'>electionem,</span> <span class='ocrx_word' id='word_1_134' title='bbox 940 1781 991 1834; x_wconf 91' lang='lat' dir='ltr'>in</span> <span class='ocrx_word' id='word_1_135' title='bbox 1034 1799 1091 1834; x_wconf 91' lang='lat' dir='ltr'>eo</span> <span class='ocrx_word' id='word_1_136' title='bbox 1136 1791 1249 1834; x_wconf 88' lang='lat' dir='ltr'>sunt</span> <span class='ocrx_word' id='word_1_137' title='bbox 1292 1781 1476 1852; x_wconf 65' lang='lat' dir='ltr'>posita9</span> <span class='ocrx_word' id='word_1_138' title='bbox 1522 1791 1572 1834; x_wconf 87' lang='lat' dir='ltr'>ut</span> <span class='ocrx_word' id='word_1_139' title='bbox 1623 1778 1902 1834; x_wconf 78' lang='lat' dir='ltr'>Ecclesiam</span> <span class='ocrx_word' id='word_1_140' title='bbox 1945 1791 1991 1833; x_wconf 89' lang='lat' dir='ltr'>et</span> 
     </span>
     <span class='ocr_line' id='line_1_19' title="bbox 276 1870 1988 1952; baseline -0.002 -19"><span class='ocrx_word' id='word_1_141' title='bbox 276 1877 575 1952; x_wconf 77' lang='lat' dir='ltr'>temporales</span> <span class='ocrx_word' id='word_1_142' title='bbox 636 1875 851 1930; x_wconf 89' lang='lat' dir='ltr'>ditiones</span> <span class='ocrx_word' id='word_1_143' title='bbox 912 1874 1175 1929; x_wconf 85' lang='lat' dir='ltr'>Romanae</span> <span class='ocrx_word' id='word_1_144' title='bbox 1234 1873 1489 1929; x_wconf 86' lang='lat' dir='ltr'>Ecclesiae</span> <span class='ocrx_word' id='word_1_145' title='bbox 1548 1885 1781 1928; x_wconf 88' lang='lat' dir='ltr'>tueantur</span> <span class='ocrx_word' id='word_1_146' title='bbox 1844 1870 1988 1949; x_wconf 82' lang='lat' dir='ltr'>(cap.</span> 
     </span>
     <span class='ocr_line' id='line_1_20' title="bbox 281 1968 1323 2045; baseline -0.003 -18"><span class='ocrx_word' id='word_1_147' title='bbox 281 1973 375 2027; x_wconf 82' lang='lat' dir='ltr'>Ubi</span> <span class='ocrx_word' id='word_1_148' title='bbox 411 1970 705 2045; x_wconf 76' lang='lat' dir='ltr'>periculum</span> <span class='ocrx_word' id='word_1_149' title='bbox 749 1970 810 2024; x_wconf 87' lang='lat' dir='ltr'>de</span> <span class='ocrx_word' id='word_1_150' title='bbox 852 1970 1091 2024; x_wconf 90' lang='lat' dir='ltr'>electione</span> <span class='ocrx_word' id='word_1_151' title='bbox 1134 1969 1184 2023; x_wconf 89' lang='lat' dir='ltr'>in</span> <span class='ocrx_word' id='word_1_152' title='bbox 1230 1968 1323 2041; x_wconf 86' lang='lat'>6).</span> 
     </span>
    </p>
   </div>
   <div class='ocr_carea' id='block_1_3' title="bbox 268 2154 2007 2784">
    <p class='ocr_par' dir='ltr' id='par_1_4' title="bbox 268 2154 2007 2784">
     <span class='ocr_line' id='line_1_21' title="bbox 333 2154 2007 2216; baseline -0.002 -10"><span class='ocrx_word' id='word_1_153' title='bbox 333 2160 617 2207; x_wconf 83' lang='lat' dir='ltr'>Canonistae</span> <span class='ocrx_word' id='word_1_154' title='bbox 654 2159 807 2205; x_wconf 87' lang='lat' dir='ltr'>solent</span> <span class='ocrx_word' id='word_1_155' title='bbox 853 2159 1181 2216; x_wconf 85' lang='lat' dir='ltr'>quaestionem</span> <span class='ocrx_word' id='word_1_156' title='bbox 1231 2157 1499 2213; x_wconf 80' lang='lat' dir='ltr'>instituere,</span> <span class='ocrx_word' id='word_1_157' title='bbox 1547 2157 1734 2203; x_wconf 85' lang='lat' dir='ltr'>cuinam</span> <span class='ocrx_word' id='word_1_158' title='bbox 1770 2154 1848 2214; x_wconf 86' lang='lat' dir='ltr'>jus</span> <span class='ocrx_word' id='word_1_159' title='bbox 1883 2163 2007 2204; x_wconf 83' lang='lat' dir='ltr'>esset</span> 
     </span>
     <span class='ocr_line' id='line_1_22' title="bbox 268 2238 2005 2299; baseline -0.002 -11"><span class='ocrx_word' id='word_1_160' title='bbox 268 2243 506 2288; x_wconf 81' lang='lat' dir='ltr'>Pontificis</span> <span class='ocrx_word' id='word_1_161' title='bbox 541 2241 765 2299; x_wconf 83' lang='lat' dir='ltr'>eligendi,</span> <span class='ocrx_word' id='word_1_162' title='bbox 791 2241 830 2286; x_wconf 88' lang='lat' dir='ltr'>si</span> <span class='ocrx_word' id='word_1_163' title='bbox 853 2242 912 2287; x_wconf 90' lang='lat' dir='ltr'>ob</span> <span class='ocrx_word' id='word_1_164' title='bbox 936 2242 1188 2286; x_wconf 87' lang='lat' dir='ltr'>maximum</span> <span class='ocrx_word' id='word_1_165' title='bbox 1214 2239 1526 2286; x_wconf 86' lang='lat' dir='ltr'>infortunium</span> <span class='ocrx_word' id='word_1_166' title='bbox 1550 2238 1821 2286; x_wconf 78' lang='lat' dir='ltr'>cardinales</span> <span class='ocrx_word' id='word_1_167' title='bbox 1843 2250 2005 2285; x_wconf 90' lang='lat' dir='ltr'>omnes</span> 
     </span>
     <span class='ocr_line' id='line_1_23' title="bbox 271 2318 2000 2379; baseline -0.003 -10"><span class='ocrx_word' id='word_1_168' title='bbox 271 2318 544 2369; x_wconf 81' lang='lat' dir='ltr'>interirent?</span> <span class='ocrx_word' id='word_1_169' title='bbox 581 2323 676 2368; x_wconf 85' lang='lat' dir='ltr'>Hac</span> <span class='ocrx_word' id='word_1_170' title='bbox 700 2323 756 2367; x_wconf 89' lang='lat' dir='ltr'>de</span> <span class='ocrx_word' id='word_1_171' title='bbox 793 2335 840 2368; x_wconf 91' lang='lat' dir='ltr'>re</span> <span class='ocrx_word' id='word_1_172' title='bbox 864 2323 1052 2379; x_wconf 83' lang='lat' dir='ltr'>copiose</span> <span class='ocrx_word' id='word_1_173' title='bbox 1087 2323 1327 2367; x_wconf 82' lang='lat' dir='ltr'>disserunt</span> <span class='ocrx_word' id='word_1_174' title='bbox 1363 2322 1628 2367; x_wconf 86' lang='lat' dir='ltr'>Hostiensis</span> <span class='ocrx_word' id='word_1_175' title='bbox 1662 2321 1711 2366; x_wconf 89' lang='lat' dir='ltr'>in</span> <span class='ocrx_word' id='word_1_176' title='bbox 1734 2333 1837 2378; x_wconf 85' lang='lat' dir='ltr'>cap.</span> <span class='ocrx_word' id='word_1_177' title='bbox 1873 2318 2000 2365; x_wconf 80' lang='lat' dir='ltr'>Licet</span> 
     </span>
     <span class='ocr_line' id='line_1_24' title="bbox 268 2400 2001 2460; baseline -0.003 -11"><span class='ocrx_word' id='word_1_178' title='bbox 268 2406 406 2450; x_wconf 78' lang='lat' dir='ltr'>verbo</span> <span class='ocrx_word' id='word_1_179' title='bbox 443 2403 568 2449; x_wconf 79' lang='lat' dir='ltr'>inter</span> <span class='ocrx_word' id='word_1_180' title='bbox 603 2400 876 2449; x_wconf 80' lang='lat' dir='ltr'>Cardinales</span> <span class='ocrx_word' id='word_1_181' title='bbox 914 2404 986 2447; x_wconf 89' lang='lat' dir='ltr'>tit.</span> <span class='ocrx_word' id='word_1_182' title='bbox 1025 2403 1080 2448; x_wconf 89' lang='lat' dir='ltr'>de</span> <span class='ocrx_word' id='word_1_183' title='bbox 1114 2404 1249 2449; x_wconf 87' lang='lat' dir='ltr'>elect.</span> <span class='ocrx_word' id='word_1_184' title='bbox 1287 2409 1333 2448; x_wconf 85' lang='lat' dir='ltr'>et</span> <span class='ocrx_word' id='word_1_185' title='bbox 1365 2403 1504 2449; x_wconf 82' lang='lat' dir='ltr'>electi</span> <span class='ocrx_word' id='word_1_186' title='bbox 1539 2408 1729 2460; x_wconf 64' lang='lat' dir='ltr'>potest„</span> <span class='ocrx_word' id='word_1_187' title='bbox 1766 2402 1917 2446; x_wconf 85' lang='lat' dir='ltr'>Abbas</span> <span class='ocrx_word' id='word_1_188' title='bbox 1952 2400 2001 2445; x_wconf 92' lang='lat' dir='ltr'>in</span> 
     </span>
     <span class='ocr_line' id='line_1_25' title="bbox 268 2480 1999 2543; baseline -0.003 -13"><span class='ocrx_word' id='word_1_189' title='bbox 268 2487 387 2531; x_wconf 77' lang='lat' dir='ltr'>idem</span> <span class='ocrx_word' id='word_1_190' title='bbox 413 2492 570 2543; x_wconf 77' lang='lat' dir='ltr'>eaput,</span> <span class='ocrx_word' id='word_1_191' title='bbox 597 2484 812 2542; x_wconf 80' lang='lat' dir='ltr'>Pirrhing</span> <span class='ocrx_word' id='word_1_192' title='bbox 836 2485 891 2528; x_wconf 88' lang='lat' dir='ltr'>ad</span> <span class='ocrx_word' id='word_1_193' title='bbox 916 2484 1127 2530; x_wconf 87' lang='lat' dir='ltr'>eumdem</span> <span class='ocrx_word' id='word_1_194' title='bbox 1164 2484 1352 2530; x_wconf 83' lang='lat' dir='ltr'>titulum</span> <span class='ocrx_word' id='word_1_195' title='bbox 1376 2484 1429 2529; x_wconf 85' lang='lat' dir='ltr'>de</span> <span class='ocrx_word' id='word_1_196' title='bbox 1464 2483 1697 2530; x_wconf 82' lang='lat' dir='ltr'>electione</span> <span class='ocrx_word' id='word_1_197' title='bbox 1721 2481 1929 2527; x_wconf 86' lang='lat' dir='ltr'>sectione</span> <span class='ocrx_word' id='word_1_198' title='bbox 1953 2480 1999 2524; x_wconf 87' lang='grc'>9.</span> 
     </span>
     <span class='ocr_line' id='line_1_26' title="bbox 271 2562 2001 2623; baseline -0.003 -12"><span class='ocrx_word' id='word_1_199' title='bbox 271 2567 579 2612; x_wconf 80' lang='lat' dir='ltr'>Bellarminus</span> <span class='ocrx_word' id='word_1_200' title='bbox 615 2567 669 2611; x_wconf 87' lang='lat' dir='ltr'>(le</span> <span class='ocrx_word' id='word_1_201' title='bbox 705 2565 898 2611; x_wconf 85' lang='lat' dir='ltr'>Clericis</span> <span class='ocrx_word' id='word_1_202' title='bbox 934 2564 1014 2610; x_wconf 82' lang='lat' dir='ltr'>lib.</span> <span class='ocrx_word' id='word_1_203' title='bbox 1060 2566 1078 2608; x_wconf 91' lang='lat'>1</span> <span class='ocrx_word' id='word_1_204' title='bbox 1128 2577 1229 2622; x_wconf 83' lang='lat' dir='ltr'>cap.</span> <span class='ocrx_word' id='word_1_205' title='bbox 1277 2564 1347 2610; x_wconf 84' lang='lat'>10.</span> <span class='ocrx_word' id='word_1_206' title='bbox 1386 2566 1536 2623; x_wconf 86' lang='lat' dir='ltr'>Igitur</span> <span class='ocrx_word' id='word_1_207' title='bbox 1579 2564 1657 2622; x_wconf 91' lang='lat' dir='ltr'>qui</span> <span class='ocrx_word' id='word_1_208' title='bbox 1696 2568 1804 2608; x_wconf 84' lang='lat' dir='ltr'>sunt</span> <span class='ocrx_word' id='word_1_209' title='bbox 1838 2562 2001 2606; x_wconf 86' lang='lat' dir='ltr'>harum</span> 
     </span>
     <span class='ocr_line' id='line_1_27' title="bbox 268 2642 2003 2706; baseline -0.002 -17"><span class='ocrx_word' id='word_1_210' title='bbox 268 2648 595 2704; x_wconf 81' lang='lat' dir='ltr'>quaestionum</span> <span class='ocrx_word' id='word_1_211' title='bbox 633 2644 1063 2706; x_wconf 87' lang='lat' dir='ltr'>cognoscendarum</span> <span class='ocrx_word' id='word_1_212' title='bbox 1089 2646 1266 2702; x_wconf 85' lang='lat' dir='ltr'>cupidi,</span> <span class='ocrx_word' id='word_1_213' title='bbox 1292 2646 1476 2691; x_wconf 88' lang='lat' dir='ltr'>eosdem</span> <span class='ocrx_word' id='word_1_214' title='bbox 1509 2648 1750 2697; x_wconf 80' lang='lat' dir='ltr'>DoctoreS‚</span> <span class='ocrx_word' id='word_1_215' title='bbox 1790 2642 2003 2699; x_wconf 85' lang='lat' dir='ltr'>aliosque</span> 
     </span>
     <span class='ocr_line' id='line_1_28' title="bbox 268 2727 1094 2784; baseline -0.004 -13"><span class='ocrx_word' id='word_1_216' title='bbox 268 2729 325 2773; x_wconf 85' lang='lat' dir='ltr'>al)</span> <span class='ocrx_word' id='word_1_217' title='bbox 364 2728 422 2773; x_wconf 88' lang='lat' dir='ltr'>iis</span> <span class='ocrx_word' id='word_1_218' title='bbox 459 2729 629 2773; x_wconf 85' lang='lat' dir='ltr'>citatos</span> <span class='ocrx_word' id='word_1_219' title='bbox 666 2727 823 2773; x_wconf 84' lang='lat' dir='ltr'>videre</span> <span class='ocrx_word' id='word_1_220' title='bbox 858 2731 1094 2784; x_wconf 86' lang='lat' dir='ltr'>poterunt.</span> 
     </span>
    </p>
   </div>
  </div>
 </body>
</html>
