2114 3289
343 114 410 163 10
631 127 745 165 cept
790 128 822 163 1.
871 128 928 163 nn
974 127 1093 163 June
1136 128 1253 165 cAN.
1301 128 1591 164 GENERATUI

258 230 349 287 Est
390 233 543 303 igitur·
582 230 672 287 Jus
717 248 915 304 quoque
956 230 1214 306 publicum
1256 231 1668 301 ecclesiasticum,
1702 243 1817 288 sunt
1857 230 1971 288 Ma-

255 327 488 396 gistratui
539 326 878 382 ecclesiastico
932 344 1022 381 sua
1062 328 1176 397 jura
1218 335 1265 381 et
1306 326 1507 395 officia,
1550 338 1597 381 et
1637 325 1848 401 proinde
1890 328 1969 397 jus

252 420 389 476 istud
431 422 501 475 ita
542 420 744 475 definiri
787 420 943 476 solet:
987 422 1081 474 Jus
1116 417 1383 492 publicum
1427 419 1818 474 ecclesiasticum
1861 429 1970 486 est,

254 517 392 588 quod
450 516 602 570 totius
644 515 937 582 Ecclesiae,
982 515 1194 590 ejusque
1238 518 1514 571 Rectorum
1550 516 1683 589 jura
1724 526 1771 571 et
1810 514 1973 588 officia

256 611 579 667 determinat.
643 608 814 684 Itaque
867 608 1170 666 Canonistae
1213 611 1560 666 tractationem
1602 609 1740 667 Juris
1781 611 1972 685 publici

254 706 580 761 ecclesiastici
623 705 692 759 ita
735 717 1024 774 assumunt,
1068 716 1122 759 ut
1162 706 1330 779 primo
1374 704 1654 760 edisserant
1695 704 1757 759 de
1798 705 1970 761 divina

254 799 507 856 Ecclesiae
565 801 760 872 origine
819 811 865 855 et
922 798 1255 869 fundatione,
1316 800 1378 856 de
1438 811 1679 873 potestate
1728 799 1970 856 divinitus

253 897 415 952 eidem
456 895 663 965 tradita,
706 894 768 950 de
809 894 1111 951 Rectorihus
1155 896 1220 952 ab
1261 896 1373 971 ipso
1419 894 1624 952 Christo
1668 896 1972 964 constitum,

251 992 412 1064 deque
470 989 618 1046 rebus
676 1008 850 1058 eorum
892 992 1125 1064 potestati
1168 990 1448 1062 subjecti53
1491 990 1674 1045 deinde
1716 1001 1973 1045 transeunt

252 1086 317 1141 ad
359 1085 677 1160 explananda
720 1084 1010 1140 eorumdem
1053 1082 1328 1140 Rectorum
1372 1085 1487 1155 jura
1531 1094 1578 1138 et
1603 1084 1786 1153 officia,
1815 1101 1972 1156 eaque

245 1181 376 1254 aptis
436 1180 742 1250 argumentis
792 1179 1160 1235 confirmanda.
1226 1177 1392 1251 Hujus
1441 1198 1557 1234 vero
1599 1196 1772 1233 sacrae
1815 1180 1974 1234 socie-

245 1277 362 1330 tatis
412 1275 645 1343 tabulae,
696 1275 802 1329 sive
845 1274 978 1346 leges
1021 1273 1426 1330 fundamentales
1470 1286 1586 1329 sunt
1628 1271 1787 1328 Sacra
1831 1270 1972 1328 Scri-

245 1383 412 1446 ptura,
454 1383 502 1426 et
541 1367 796 1439 Traditio,
839 1371 1099 1442 utriusque
1146 1388 1262 1425 vero
1306 1369 1551 1444 interpres
1603 1367 1833 1425 Ecclesia
1876 1378 1971 1438 est,

247 1485 399 1541 quam
443 1467 618 1523 audire
660 1468 865 1522 omnino
907 1465 1168 1523 debemus.

327 1561 429 1619 Sed
477 1564 582 1634 jam
633 1558 695 1615 de
744 1558 866 1615 Jure
907 1560 1107 1633 privato
1150 1560 1419 1616 dicendum
1461 1571 1555 1615 est.
1617 1558 1686 1614 Ut
1727 1558 1841 1628 illi,
1883 1559 1972 1632 qui

245 1656 602 1728 Magistratum
663 1674 761 1710 non
821 1667 1035 1725 gerunt,
1080 1654 1319 1727 privatae
1362 1670 1616 1726 personae
1662 1653 1737 1709 vel
1773 1652 1971 1726 privati

245 1752 499 1820 dicuntur,
541 1751 614 1805 sic
654 1750 767 1820 jura
811 1749 994 1821 quibus
1038 1750 1091 1804 in
1134 1749 1370 1805 societate
1422 1747 1676 1817 fruuntur,
1719 1760 1766 1803 et
1807 1748 1970 1803 officia

244 1864 373 1919 quae
430 1855 684 1920 praestare
733 1843 950 1912 debent,
987 1843 1201 1915 privata
1246 1853 1527 1912 vocantur,
1570 1859 1633 1897 ex
1675 1842 1838 1915 iisque
1878 1840 1969 1897 Jus

245 1941 496 2015 privatum
538 1938 819 1995 conficitur.
863 1935 923 1991 Id
966 1939 1156 2012 pariter
1198 1938 1251 1993 in
1294 1935 1418 1992 Jure
1444 1937 1693 1992 canonico
1720 1948 1971 2010 receptum

245 2044 353 2104 est,
396 2044 444 2088 et
483 2030 573 2088 Jus
617 2033 869 2106 privatum
910 2031 1306 2087 ecclesiasticum
1360 2030 1634 2085 definitur:
1681 2030 1974 2102 complexio

245 2147 424 2185 earum
480 2128 686 2199 legum,
745 2128 925 2199 quibus
984 2125 1254 2181 christiani
1306 2125 1492 2198 populi
1542 2125 1676 2198 jura
1721 2137 1767 2180 et
1808 2125 1973 2198 officia

250 2223 681 2280 determinantur.

302 2396 598 2444 ‚lastinianus
635 2392 675 2455 ς.
698 2394 941 2442 ult.1nstit.
965 2394 1022 2440 de
1055 2394 1174 2439 Just.
1199 2399 1247 2440 et
1275 2393 1373 2440 Jur.
1398 2393 1483 2437 aitz
1510 2392 1670 2452 Hujus
1689 2389 1839 2437 studii
1858 2388 1980 2436 duae

237 2484 346 2524 sunt
375 2474 653 2539 positiones,
688 2473 923 2536 publicum
961 2481 1003 2520 et
1035 2474 1298 2536 privatum.
1337 2472 1584 2519 Publicum
1612 2473 1699 2534 jus
1733 2477 1820 2528 est,
1858 2470 1978 2533 quod

241 2557 301 2603 acl
342 2563 515 2604 statum
555 2555 626 2602 rei
669 2569 890 2601 romanae
933 2561 1128 2615 spectot;
1163 2554 1407 2616 prii-atum
1444 2551 1564 2614 quod
1596 2551 1657 2597 acl
1690 2550 1981 2612 sinqulorum

237 2638 491 2685 utilitatem
523 2636 741 2698 pertinet.
780 2633 1037 2682 Dicendum
1066 2643 1131 2681 est
1154 2635 1305 2695 tqitur
1335 2631 1388 2681 (le
1415 2633 1529 2695 jure
1559 2632 1767 2695 prii-ato.
1808 2632 1970 2690 Itaque

240 2718 570 2765 animadvertit
590 2718 868 2764 Franciscus
890 2716 1102 2762 Schmier
1132 2716 1187 2762 de
1210 2715 1383 2774 Jurisp.
1420 2714 1544 2772 publ.
1583 2716 1698 2772 Imp.
1739 2715 1974 2758 Romano—

239 2798 495 2857 gcrmanici
532 2799 654 2844 Sect.
700 2799 717 2842 l
760 2794 1218 2857 §.1:Just2'nianus
1253 2795 1339 2841 Jus
1375 2793 1512 2840 civile
1549 2794 1862 2839 Rornanorum
1897 2788 1976 2837 di-

263 2878 435 2926 tsiviz'n
464 2878 699 2940 publicum
734 2884 777 2925 et
810 2877 1071 2940 privatum,
1095 2883 1137 2923 et
1157 2875 1320 2923 relicto
1339 2874 1542 2937 publiw,
1570 2874 1814 2936 privatum
1838 2871 1973 2919 dum·-
