2114 3289
247 121 293 196 ὃ.
316 143 436 180 va.
461 144 520 179 DE
549 141 800 179 EXAsscius
831 142 1035 179 ΡΒῙΜΑΤ.
1065 143 1125 177 ET
1146 141 1562 179 Aaculssmscoms
1645 125 1753 178 175

105 259 219 302 vaco
263 246 654 320 Metropolitum
698 247 939 320 Episcopi
981 247 1226 301 Primam
1268 247 1422 302 ceteri
1467 247 1838 319 Episcoporum

104 343 383 397 secundum
425 359 545 395 suae
588 341 939 396 ordinacionis
981 352 1175 414 tempus
1202 342 1337 396 alius
1362 342 1470 396 alio
1504 342 1715 396 sedendi
1752 343 1839 396 (Ze-

104 437 237 508 ferat
279 436 464 490 locum.
511 434 575 490 Et
618 433 672 491 S.
718 434 821 491 Leo
864 434 1085 506 Magnus
1148 455 1225 509 ep.
1291 440 1362 491 53
1426 435 1492 492 ad
1543 433 1837 491 Anatolium

104 529 210 586 GP.
255 528 563 604 Episcopum
609 530 804 585 scribit:
849 532 968 585 Non
1028 530 1382 584 convellamur
1423 529 1836 602 provincialium

95 622 229 696 jura
255 623 613 690 Primatumm
641 642 731 678 nec
767 623 1063 696 *privileyiis
1106 625 1393 696 antiquitus
1433 624 1683 678 institutis
1726 627 1836 683 Me-

102 717 407 790 tropolitum
448 718 764 790 fraudentur
808 718 1094 774 Antistates,

183 810 437 868 Primates
484 831 599 867 vero
642 811 886 886 peculiari
929 824 976 866 et
1018 813 1227 885 proprio
1271 814 1473 867 nomine
1517 813 1835 886 appellantur

103 904 344 980 Episcopi
405 924 578 960 earum
651 904 862 961 Sedium
922 906 1308 979 episcopalium,
1370 906 1554 978 quibus
1616 906 1834 963 Sedibus

104 995 396 1055 Vicariatus
457 996 740 1074 Apostolici
810 999 1034 1070 dignitas
1105 1000 1363 1071 quondam
1432 1000 1630 1057 adnexa
1706 1001 1835 1056 fuit:

103 1093 398 1164 hujusmodi
441 1105 556 1149 sunt
598 1091 929 1162 Arelatensis9
974 1091 1328 1163 Lugdunensis
1372 1096 1424 1149 in
1481 1092 1673 1165 Gallia,
1720 1094 1836 1151 Mo-

103 1189 340 1257 guntinus
383 1190 436 1244 in
480 1185 776 1256 Germania,
836 1186 1112 1243 Toletanus
1172 1189 1225 1241 in
1283 1187 1554 1262 Hispania,
1609 1187 1829 1245 Pisanus

104 1283 156 1336 in
199 1280 369 1352 Italia,
412 1282 618 1355 aliique.
663 1280 758 1336 His
804 1281 955 1338 modo
999 1282 1163 1337 solum
1212 1283 1422 1338 honoris
1482 1302 1664 1338 nomen
1725 1285 1832 1339 sine

103 1376 206 1430 ulla
249 1387 492 1449 potestate
535 1376 765 1430 relictum
807 1386 898 1429 est:
928 1394 1027 1447 qua
1054 1375 1116 1429 de
1143 1394 1194 1429 re
1221 1395 1372 1449 supra
1409 1376 1634 1432 diximus
1661 1372 1706 1448 S.
1737 1381 1831 1434 44.

180 1469 336 1538 Quod
379 1469 593 1542 denique
637 1468 701 1525 ad
745 1469 1173 1543 Archiepiscopos
1236 1471 1430 1539 attinet,
1484 1469 1540 1527 S.
1603 1471 1831 1528 Isidorus

102 1561 420 1638 Hispalensis
465 1565 517 1620 iu
560 1574 706 1619 tract.
751 1563 814 1617 de
875 1562 1214 1634 Etymoloqiis
1277 1584 1389 1638 cap.
1457 1567 1549 1634 12,
1609 1585 1671 1621 ex
1731 1587 1832 1641 quo

103 1670 328 1732 sumptus
372 1669 446 1713 est
487 1677 599 1713 can.
629 1656 857 1712 Clericus
900 1657 1020 1713 dist.
1054 1660 1146 1712 21:
1175 1657 1620 1731 ArchiepiscopuS,
1649 1662 1833 1734 inquit,

102 1769 284 1823 qraeco
328 1751 523 1806 dicitur
565 1751 831 1818 vocabuZO,
876 1751 1014 1822 quod
1054 1751 1120 1806 sit
1161 1769 1385 1806 summus
1437 1753 1834 1827 Episcoporum:

102 1855 237 1899 tenet
280 1845 418 1900 enim
458 1845 620 1900 vicem
662 1845 1030 1917 Apostolicam,
1076 1856 1121 1901 et
1162 1847 1427 1918 praesidet
1485 1859 1591 1902 tam
1644 1852 1836 1905 Metro-

93 1940 367 2012 politctm'S,
412 1958 565 2011 quam
609 1939 892 2012 Episcopi&
946 1937 1107 1996 Modo
1167 1954 1332 1996 autem
1385 1941 1833 2019 Archiepiscopus9

103 2048 151 2090 et
176 2033 503 2110 Metropolita
531 2034 666 2090 idem
693 2046 892 2104 sonant,
919 2054 1078 2108 neque
1105 2035 1322 2108 amplius
1359 2036 1488 2091 duae
1515 2049 1629 2091 sunt
1654 2038 1836 2093 distin-

105 2142 212 2185 ctae
256 2130 548 2200 (liguitateS‚
592 2128 681 2184 sed
724 2148 822 2184 una
866 2129 1159 2202 eademque:
1188 2132 1310 2203 quin
1343 2132 1445 2186 imo
1490 2133 1533 2186 si
1577 2133 1836 2203 contingat

104 2237 157 2280 ut
197 2223 622 2299 Archiepiscopus
666 2225 830 2281 nullos
874 2223 1153 2299 Episcopos
1216 2225 1576 2300 Suffragancos
1629 2229 1834 2299 haheat,

105 2339 263 2393 neque
305 2330 399 2389 est,
443 2338 600 2392 neque
643 2318 968 2393 Metropolita
1013 2319 1116 2374 dici
1159 2322 1360 2395 poterit.

163 2506 336 2554 Confer
370 2507 530 2554 Daude
565 2507 613 2555 S.
652 2508 687 2553 Ι.
725 2506 780 2554 in
815 2505 1068 2554 Hierareh.
1105 2521 1207 2570 cap.
1247 2508 1292 2553 4.
