2114 3289
353 137 462 188 100
508 151 797 189 uss.11.c.1.
829 150 888 184 DE
919 150 966 184 n.
999 149 1263 185 Ponrirlcr:
1292 149 1463 192 EsusQ.
1493 150 1832 187 ADJUTORIBUS

265 276 444 330 porum
473 256 536 311 ad
563 254 822 310 Romanos
867 250 1140 307 Pontifices
1184 254 1398 326 pertinet
1425 253 1601 309 eodem
1626 254 1754 323 jure,
1783 272 1881 330 quo
1918 253 1984 309 ad

268 348 323 406 S.
353 348 578 417 Petrum,
607 359 895 419 ceterosque
922 344 1193 419 Apostolos
1237 347 1495 419 pertinuit,
1539 360 1801 422 propterea
1844 348 1982 421 quod

263 442 523 498 Romanus
568 439 806 494 Pontifex
847 451 921 495 est
954 438 1008 495 S.
1044 437 1184 494 Petri
1230 438 1520 509 Successor,
1562 443 1813 515 totiusque
1849 440 1986 516 Apo-

265 538 470 593 stolicae
496 535 758 608 potestatis
786 535 1000 603 haeres,
1046 536 1185 607 atqui
1228 553 1286 588 ea
1328 545 1547 607 potestas
1590 535 1655 590 ad
1684 534 1738 591 S.
1775 535 1984 590 Petrum

264 644 309 686 et
337 629 607 704 Apostolos
651 630 891 703 pertinuit
916 630 1027 699 jure
1055 628 1250 698 divino,
1293 629 1485 683 scilicet
1510 647 1573 683 ex
1597 630 1755 703 ipsius
1785 628 1980 686 Christi

263 725 594 792 institutione,
656 742 776 794 ergo
830 722 1005 779 eodem
1045 724 1156 794 jure
1209 722 1273 778 ad
1335 721 1625 778 Romanum
1683 722 1983 780 Pontificem

264 819 493 892 pertinet.

347 910 616 967 Praeterea
660 913 713 967 in
756 912 893 970 omni
919 911 1044 966 bene
1088 911 1322 967 ordinata
1366 913 1601 967 societate
1645 930 1823 967 munus
1867 932 1986 968 con-

264 1005 502 1061 stituendi
528 1004 882 1077 Magistratus,
909 1007 996 1079 qui
1022 1004 1324 1061 Provincias
1369 1006 1743 1075 administrent,
1771 1007 1835 1061 ad
1872 1025 1987 1061 eum

261 1101 530 1174 pertinent,
575 1102 662 1173 qui
705 1102 796 1156 toti
842 1098 1208 1155 Communitati
1251 1112 1484 1174 praeest,
1529 1102 1667 1172 atqui
1709 1118 1772 1154 ex
1815 1100 1988 1156 divina

267 1196 579 1251 institutione
613 1198 704 1251 toti
739 1194 995 1250 Ecclesiae
1040 1193 1302 1250 Romanus
1329 1193 1570 1250 Pontifex
1596 1207 1823 1268 praeest,
1865 1214 1984 1266 ergo
2065 1209 2077 1221 '

270 1290 517 1345 institutio
546 1288 934 1364 Episcoporum,
964 1291 1051 1363 qui
1079 1290 1304 1360 singulas
1325 1288 1592 1345 Dioeceses
1618 1289 1991 1358 administrent,

271 1383 338 1439 ad
380 1382 671 1439 Romanum
732 1382 1033 1439 Pontificem
1093 1387 1326 1457 pertinet,
1387 1386 1494 1457 qui,
1556 1396 1608 1438 ut
1650 1384 1816 1440 verbis
1878 1395 1991 1438 utar

268 1476 487 1534 Concilii
532 1477 820 1533 Tridentini
864 1498 986 1534 sess.
1053 1481 1126 1532 24
1169 1499 1280 1554 cap.
1337 1481 1361 1531 1
1429 1479 1659 1532 muneris
1708 1478 1788 1531 sui
1830 1477 1990 1549 officio

266 1573 409 1627 debet
452 1573 662 1626 idoneos
706 1574 944 1626 Pastores
986 1573 1203 1645 sinyulis
1246 1573 1486 1627 Ecclesiis
1522 1573 1821 1647 praeficere.

346 1666 410 1722 Et
437 1687 493 1721 ea
521 1667 727 1740 quidem
754 1679 973 1740 potestas
1001 1669 1209 1741 propria
1234 1679 1308 1722 est
1350 1669 1496 1722 unius
1522 1666 1747 1723 Romani
1773 1665 1988 1721 Pontifi-

267 1762 359 1831 ciS,
388 1763 572 1835 quippe
599 1763 686 1834 qui
723 1779 849 1816 unus
895 1758 1035 1815 Petri
1079 1759 1371 1830 Successor,
1398 1773 1444 1815 et
1470 1762 1622 1816 totius
1666 1759 1987 1834 Apostolicae

270 1857 532 1929 potestatis
563 1855 761 1924 haeres,
796 1856 941 1927 eique
967 1857 1052 1910 uni
1072 1855 1343 1928 pascendi,
1369 1855 1604 1927 regendi,
1632 1866 1675 1909 et
1701 1854 1992 1926 gubernan-

268 1949 324 2003 di
386 1949 730 2003 universalem
781 1949 1064 2004 Ecclesiam
1116 1956 1155 2004 ἀ
1196 1952 1319 2005 Jesn
1371 1950 1568 2005 Christo
1612 1953 1680 2006 D.
1725 1952 1793 2006 Ν.
1829 1948 1990 2021 plena

258 2054 478 2115 potestas
520 2044 720 2098 tradita
760 2044 879 2116 suit.

351 2136 452 2193 Sed
497 2139 638 2208 ajunt
681 2138 803 2193 olim
847 2137 1200 2209 PatriarchaS,
1245 2138 1517 2210 Primates,
1551 2152 1598 2195 et
1639 2137 1990 2213 Metropolitas

267 2252 323 2287 ea
370 2244 612 2306 potestate
657 2252 772 2288 usos
808 2253 933 2290 esse.
973 2233 1048 2289 Ita
1085 2235 1308 2308 quidem.
1354 2234 1545 2290 Verum
1588 2233 1839 2289 undenam
1882 2234 1989 2304 ejus

269 2327 532 2401 potestatis
560 2345 678 2381 usus
706 2327 770 2381 ad
797 2348 880 2383 eos
924 2326 1197 2402 pervenit?
1243 2328 1388 2384 Certe
1415 2329 1620 2402 quidem
1664 2348 1763 2384 non
1791 2349 1819 2384 a
1846 2327 1990 2398 Deo;

268 2423 522 2476 enimvero
568 2440 630 2475 ex
664 2420 836 2476 divina
864 2424 1174 2478 institutione
1218 2423 1458 2498 Episcopi
1502 2442 1673 2478 omnes
1701 2434 1813 2477 sunt
1840 2441 1985 2495 pares

271 2518 400 2570 inter
443 2534 493 2570 se
538 2515 715 2570 ordine
756 2527 803 2570 et
845 2528 1106 2589 potestate,
1169 2517 1320 2590 idque
1380 2518 1843 2592 exploratissimum
1897 2528 1986 2572 est.

271 2610 314 2663 A
357 2628 578 2681 quonam
621 2611 775 2680 igitur
828 2608 1178 2680 Patriarchae,
1223 2610 1495 2681 Primates,
1547 2623 1593 2666 et
1637 2609 1990 2684 Metropolitae

274 2723 384 2758 eam
429 2715 723 2776 potestatem
769 2701 1117 2779 acceperunt?
1162 2705 1241 2760 Ab
1285 2703 1577 2779 Apostolica
1623 2703 1772 2774 Sede,
1817 2724 1844 2758 a
1888 2724 1986 2777 qua

273 2818 368 2853 una
413 2799 519 2869 ejus
564 2802 822 2872 potestatis
867 2820 983 2856 usus
1028 2800 1234 2856 concedi
1278 2803 1457 2874 potuit,
1501 2800 1613 2855 ideo
1658 2800 1792 2873 quod
1838 2801 1885 2854 in
1930 2819 1987 2855 ea

274 2913 369 2949 una
413 2914 472 2949 ex
517 2895 689 2952 divina
751 2898 1061 2953 institutione
1105 2909 1151 2952 et
1191 2898 1271 2967 jus
1315 2896 1646 2952 creandorum
1708 2895 1985 2969 Episcopo-
