2114 3289
352 135 459 186 144
507 152 599 188 Lm.
626 152 676 187 11.
700 151 744 186 c.
767 150 799 185 1.
831 149 890 183 ne
918 149 968 183 R.
997 147 1262 183 Pourirlce
1289 148 1456 191 muso.
1486 148 1823 185 ADJUTORIBUS

265 272 349 309 um
394 257 649 309 civitatum
693 271 749 307 eo
811 267 1012 304 munere
1073 249 1330 319 decorare,
1389 250 1505 305 inde
1548 250 1735 306 factum
1793 258 1884 320 est,
1927 263 1979 305 ut

264 349 484 420 generali
544 346 743 401 tandem
804 344 1142 412 concessione,
1195 355 1279 397 aut
1338 344 1691 400 consuetudine
1760 344 1980 418 quadam

264 443 344 512 jus
404 440 680 514 Apostolici
741 436 1031 493 Vicariatus
1098 435 1314 492 Sedibus
1375 438 1663 493 earumdem
1723 439 1982 494 civitatum

266 536 628 602 adnecteretur,
673 545 820 605 atque
864 531 988 586 adeo
1033 551 1131 588 non
1159 531 1375 604 amplius
1419 533 1696 604 personalis
1740 532 1982 603 dignitaS,

266 628 353 684 sed
398 627 546 682 realis
589 627 765 681 habita
792 638 903 697 est3
933 644 1059 698 quae
1102 618 1305 698 quidem
1349 627 1455 680 sine
1494 644 1623 681 nova
1663 624 1982 702 Apostolicae

270 720 416 776 Sedis
465 723 784 777 concessione
828 722 878 775 in
923 739 1234 776 successores
1279 721 1532 776 transiret.
1568 718 1678 776 Hoc
1719 721 1986 795 privilegio

270 827 413 869 aucta
440 827 512 870 est
537 814 762 870 Ecclesia
807 814 1208 885 Salisburgensis
1236 816 1288 869 in
1325 811 1618 884 Germania,
1660 812 1982 884 Rhemensis,

269 910 619 980 Bituricensis9
662 924 708 966 et
758 909 1112 982 Lugdunensis
1155 913 1207 965 in
1250 908 1441 979 Gallia,
1492 908 1683 965 Pisana
1724 911 1778 966 in
1817 910 1984 980 Italia,

268 1004 513 1060 Toletana
559 1007 609 1060 in
637 1005 886 1080 Hispania
913 1017 1320 1078 etc;earumque
1363 1003 1706 1060 Ecclesiarum
1748 1003 1986 1080 Episcopi

271 1099 393 1154 dicti
437 1111 549 1154 sunt
592 1111 697 1155 tum
758 1099 937 1171 ἱεραί-ι’
996 1099 1130 1165 nati,
1175 1111 1278 1154 tum
1337 1101 1489 1154 etiam
1532 1099 1811 1166 PrimateS,
1853 1099 1987 1172 quod

272 1195 493 1267 primum
535 1195 743 1250 honoris
787 1207 833 1249 et
866 1193 1129 1265 dignitatis
1171 1193 1339 1250 locum
1381 1194 1510 1249 inter
1551 1192 1830 1268 Episcopos
1872 1212 1988 1249 suae

271 1288 536 1358 legationis
581 1300 815 1345 tenerent.

353 1380 541 1436 Verum
601 1381 895 1453 hujusmodi
955 1380 1160 1454 Legatis
1220 1384 1370 1453 natis,
1433 1384 1536 1440 sive
1597 1381 1909 1438 Primatibus
1962 1397 1990 1436 a

276 1476 473 1530 saeculo
517 1474 617 1531 XV
659 1476 830 1531 titulus
885 1478 990 1531 sine
1032 1496 1106 1546 re,
1159 1479 1264 1532 sive
1307 1477 1469 1533 solum
1521 1496 1701 1532 nomen
1743 1478 1849 1531 sine
1891 1476 1993 1531 nlla

276 1582 516 1644 potestate
560 1570 787 1625 relictum
814 1581 905 1626 est.
948 1568 1098 1626 Nunc
1125 1572 1292 1644 itaque
1336 1571 1431 1626 soli
1468 1568 1646 1642 Legati
1689 1571 1852 1639 missi,
1895 1570 1991 1625 hoc

276 1676 367 1732 est,
411 1661 709 1719 Cardinales
738 1685 765 1719 a
794 1665 948 1719 latere
991 1661 1254 1719 Pontificis
1299 1667 1462 1734 missi,
1490 1677 1536 1720 et
1559 1662 1741 1720 Nuntii
1784 1661 1996 1736 Aposto-

275 1758 360 1812 liei
404 1758 537 1832 apud
599 1759 739 1814 aulas
794 1760 978 1830 regias,
1029 1770 1113 1814 aut
1172 1760 1399 1815 nationes
1459 1771 1656 1814 exteras
1715 1758 1992 1829 legatorum

279 1870 480 1906 munere
523 1851 813 1923 funguntur.

356 1943 471 1999 Jam
516 1966 631 2001 vero
676 1947 811 2019 qnod
839 1948 903 2002 ad
940 1960 1166 2003 nostrum
1207 1949 1490 2004 institutum
1533 1948 1764 2022 pertinet,
1807 1945 1994 2020 planis-

282 2042 406 2094 sime
450 2042 720 2096 asserimus
765 2040 1011 2097 Romanis
1055 2040 1388 2099 Pontificibus
1430 2044 1510 2114 jus
1553 2061 1658 2097 esse
1700 2041 1792 2095 hos
1836 2038 1994 2109 Lega-

277 2147 376 2202 tos,
418 2153 599 2206 eosque
642 2135 866 2205 stabiles,
893 2139 945 2191 in
971 2149 1167 2192 exteras
1210 2138 1498 2211 provincias
1536 2135 1782 2191 mittendi.
1828 2133 1999 2188 Nimi-

279 2246 418 2294 rum,
462 2239 513 2281 ut
557 2230 625 2282 ait
669 2228 925 2285 Schottius
953 2232 1004 2284 in
1041 2230 1241 2287 dissert.
1279 2231 1341 2285 de
1383 2228 1586 2301 Legatis
1630 2232 1760 2285 natis
1804 2249 1913 2302 cap.
1964 2229 1988 2279 1

279 2317 324 2393 §-
372 2326 443 2391 53
487 2322 736 2393 Pontifex
779 2325 1043 2378 Romanus
1083 2325 1134 2378 vi
1162 2325 1429 2378 Primatus
1472 2325 1653 2378 divina
1695 2323 1995 2378 auctoritate

279 2417 488 2490 simulati
531 2419 850 2485 constitutus,
894 2438 996 2472 non
1036 2431 1237 2484 tamum
1279 2431 1348 2474 est
1391 2431 1621 2474 centrum
1665 2418 1880 2473 ‘unitatis
1923 2426 1999 2470 αἱ-

280 2531 374 2584 que
442 2514 814 2568 eomnum‘ionis
872 2515 1186 2585 catholicae,
1247 2516 1335 2569 sed
1392 2516 1439 2570 ei
1491 2516 1701 2588 ¹insuper
1751 2512 1995 2568 incwnbit

280 2607 533 2677 yeneralis
577 2619 621 2662 et
664 2626 901 2681 suprema
942 2627 1091 2676 eura,
1135 2609 1447 2679 sollieitud0‚
1491 2621 1638 2680 atque
1680 2606 1998 2680 superinten-

284 2702 459 2755 ‹Iemia
501 2702 557 2755 in
583 2721 751 2757 omnes
794 2703 1065 2770 EcclesiaS,
1093 2702 1242 2776 cujus
1285 2704 1587 2757 auctoritate
1624 2702 1750 2776 fidei
1787 2712 1830 2755 et
1857 2719 2005 2772 qene-

282 2796 409 2850 ralis
435 2796 738 2869 disciplinae
765 2798 1014 2852 unitatem
1032 2797 1412 2869 puritatemque
1438 2807 1716 2867 conservat,
1753 2813 2007 2850 canonum

285 2890 656 2945 observantiam
708 2903 971 2964 promovet
1021 2902 1065 2946 et
1125 2901 1318 2958 tuetur,
1381 2890 1664 2964 deficientes
1724 2891 1787 2944 ab
1845 2888 2004 2961 officio

2111 2867 2114 2963 i

2108 2966 2114 3099 l
