2114 3289
662 82 705 156 §-
752 105 922 142 xtvm.
969 106 1026 141 ne
1074 107 1332 145 EPISGOPIS
1662 94 1770 147 183

134 229 200 264 no
242 220 429 283 parent
470 209 737 282 Episcopo,
784 210 1076 283 Presbyteri
1118 221 1289 266 antem
1332 210 1524 284 sinyuli
1566 228 1678 266 suos
1719 214 1853 268 vicos

132 303 314 359 habent
369 303 664 370 mammos)
726 304 816 375 qui
878 305 1048 359 decem
1096 305 1301 360 circiter
1342 316 1496 374 sunt,
1539 306 1644 361 imo
1679 307 1856 380 plures

132 416 362 453 numera
407 396 486 453 Ex
529 398 712 471 quibus
757 417 932 472 nempe
978 400 1141 454 verbis
1186 418 1297 455 cum
1324 398 1617 471 Presbyteri
1647 401 1711 457 ab
1736 401 1856 476 Epi-

130 492 294 565 scopis
337 503 383 546 et
425 489 815 566 Chorepiscopis
859 491 1229 563 discernantur,
1274 495 1443 549 statim
1483 496 1853 566 concluserunt,

131 582 534 659 Chorepiscopos
580 585 781 641 eosdem
826 605 882 640 ac
927 585 1204 661 Episcopos
1248 587 1420 644 fuisse.

209 676 312 733 Alii
377 698 491 733 vero
545 680 641 734 rati
685 691 833 748 sunt,
877 677 1363 755 Chorepiscopatum
1406 680 1561 737 fuisse
1604 682 1853 739 Ordinem

129 791 327 828 sacrum
373 772 437 828 ab
487 771 794 847 Episcopatu
837 785 881 828 et
925 772 1284 844 presbyteratu
1327 775 1474 849 plane
1518 776 1850 846 distinctum,

128 868 246 939 quia
291 868 341 921 in
397 885 506 923 can.
555 869 590 920 2
632 865 850 923 Concilii
905 866 1333 924 Chalcedonensis
1396 872 1467 924 sic
1530 870 1848 926 decernitur:

125 960 184 1016 Si
244 960 355 1031 quis
408 961 686 1034 Episcopus
726 979 823 1033 per
857 961 1137 1034 pecuniam
1180 962 1500 1018 ordinaverit
1544 964 1853 1038 Episcopum

123 1054 201 1108 ‘cel
244 1055 707 1128 Clzorepiscopmn,
752 1067 841 1109 aut
885 1057 1245 1128 Presbyterum
1288 1057 1366 1111 vel
1408 1058 1730 1126 Diaconum,
1773 1059 1851 1114 vel

123 1148 393 1220 quemlibet
445 1149 506 1203 cle
551 1149 648 1215 Itisj
692 1150 782 1220 qni
825 1161 1263 1205 connumerantur
1306 1151 1362 1205 in
1405 1152 1561 1219 clerO,
1605 1164 1694 1206 aut
1729 1171 1854 1225 pro-

124 1244 336 1297 moverit
378 1262 476 1316 per
519 1244 768 1315 pecunias
810 1245 1247 1317 Dispensatorem,
1277 1257 1366 1300 aut
1393 1247 1746 1319 Defensorem,
1775 1247 1853 1301 vel

124 1338 566 1404 Mansionariwn„
608 1337 686 1392 vel
728 1356 1031 1409 quemquam
1077 1340 1305 1409 omnino,
1347 1340 1437 1410 qui
1479 1341 1733 1414 subjectus
1783 1352 1851 1397 est

122 1431 352 1502 reyulae,
378 1432 582 1503 proprii
607 1433 800 1503 yradus
819 1432 1054 1504 periculo
1087 1432 1388 1506 subjacebit.
1433 1433 1512 1489 Ex
1554 1434 1650 1492 hoc
1694 1438 1851 1510 siqui-

124 1524 238 1580 dem
264 1544 452 1582 canone
493 1525 691 1580 videtur
733 1524 1191 1601 Chorepiscopatus
1236 1528 1364 1583 inter
1407 1549 1578 1586 sacros
1623 1527 1844 1586 Ordines

123 1621 415 1690 numerari,
459 1622 546 1694 qui
589 1640 677 1695 per
719 1620 1091 1676 ordinationem
1134 1641 1220 1676 seu
1262 1642 1501 1678 manuum
1561 1625 1845 1698 impositio-

119 1732 232 1767 nem
275 1713 616 1783 conferuntur,
656 1714 775 1769 dum
819 1714 994 1769 eodem
1038 1733 1227 1770 canone
1270 1716 1610 1773 ecclesiastica
1656 1720 1840 1788 officia,

120 1828 247 1882 quae
290 1828 379 1884 per
421 1811 807 1882 promotionem,
841 1821 887 1864 et
932 1829 1028 1865 non
1073 1830 1161 1884 per
1203 1811 1573 1868 ordinationem
1615 1814 1844 1869 tribuun-

118 1917 233 1974 tur,
277 1923 501 1960 seorsum
563 1904 627 1959 ab
686 1904 969 1961 Ordinibus
1022 1919 1354 1963 recensentur.
1417 1908 1536 1961 Erit
1578 1927 1732 1980 erqo,
1777 1911 1848 1965 ait

116 1996 488 2055 Thomassinus
550 1999 611 2054 de
673 2019 786 2056 nOV.
832 2012 878 2055 et
924 2013 1018 2057 vet.
1064 1999 1201 2057 Eccl.
1248 2001 1448 2076 discipl.
1494 1990 1543 2077 p.
1595 2005 1619 2055 1
1670 2003 1759 2059 lib.
1809 2008 1841 2057 2

115 2113 225 2167 cap.
273 2096 328 2163 1,
370 2094 412 2148 si
456 2094 533 2148 his
575 2105 708 2149 stare
752 2094 1005 2163 columuS,
1034 2095 1483 2169 Clzorepiscopatus
1525 2116 1658 2151 uitus
1701 2118 1724 2153 e
1767 2116 1845 2154 sa-

113 2188 214 2241 cris
256 2188 578 2256 OrdinibuS,
623 2200 772 2260 atque
815 2189 943 2244 adeo
986 2190 1194 2246 divinae
1238 2192 1590 2249 institutionis.
1642 2195 1709 2247 At
1751 2193 1841 2248 hcc

121 2278 476 2356 (prosequitur
519 2283 653 2339 idem
697 2281 921 2356 Auctor)
966 2303 1080 2339 cum
1142 2285 1256 2360 ejus
1315 2287 1537 2342 novitate
1580 2298 1669 2342 aut
1728 2291 1841 2345 aevi

111 2376 354 2431 brevitate
384 2379 650 2433 consistere
693 2379 905 2434 mininie
943 2391 1122 2452 potest.
1168 2383 1286 2435 Non
1324 2381 1711 2456 Cltorepiscopos
1737 2385 1843 2439 tria

103 2471 290 2544 priora
333 2473 536 2527 saecula
578 2473 821 2541 habuere,
865 2474 1032 2528 nullos
1067 2486 1345 2548 postrema.

190 2564 301 2624 Nos
363 2568 531 2640 itaque
593 2569 644 2622 in
703 2588 874 2625 eorum
936 2571 1231 2625 sententiam
1280 2571 1493 2626 libenter
1536 2573 1703 2641 inmS,
1747 2575 1833 2646 qui

110 2657 513 2735 Chorepiscopos
541 2674 715 2736 putant
757 2661 1091 2734 Presbyter-os
1136 2664 1321 2735 fuisse3
1370 2662 1451 2721 1.o
1480 2668 1599 2739 quia
1644 2665 1835 2722 Chore-

108 2756 302 2829 piscopi
345 2775 407 2811 ex
452 2777 639 2815 canone
687 2760 757 2811 10
804 2756 1021 2815 Concilii
1065 2754 1367 2814 Antiocheni
1412 2760 1476 2815 ab
1515 2780 1610 2815 uuo
1641 2773 1830 2818 tautum

112 2851 330 2905 civitatis
391 2849 642 2927 Episcopo
706 2853 1109 2922 ordinabantur„
1160 2852 1399 2927 Episcopi
1445 2875 1560 2909 vero
1605 2876 1632 2910 a
1679 2857 1837 2911 tribus
