2114 3289
389 125 438 202 ᾗ.
466 147 654 184 xxxm.
683 146 744 183 DE
771 148 894 183 JURE
921 148 1116 187 cAsuuiu
1144 148 1598 205 RESERVANDORUM·
1655 134 1762 187 133

120 262 364 324 potestate
405 252 502 307 sibi
543 252 600 306 in
641 251 870 307 Ecclesia
911 253 1194 308 universali
1229 254 1426 309 tradita
1447 255 1670 327 potuisse
1699 274 1854 327 qaae-

128 347 250 401 clam
290 346 534 418 qraviora
575 345 799 401 crimina
840 365 1123 415 reservare³
1166 348 1507 403 abstrahendo
1532 368 1564 403 a
1588 367 1687 421 qao
1729 350 1852 405 haec

128 440 176 494 ei
210 439 384 513 portio
418 440 682 512 potestatis
723 441 922 495 tradita
963 441 1065 508 sit,
1110 453 1274 496 utrum
1320 462 1494 517 nempe
1538 464 1566 500 a
1616 445 1727 516 jure
1776 445 1854 501 di-

133 535 268 602 vino,
311 552 374 588 an
418 554 447 589 a
490 553 735 589 consensu
778 534 1164 609 Episcoporum.

209 626 345 682 Haec
388 639 639 701 postrema
682 628 1056 684 animadversio
1100 628 1248 684 facile
1291 630 1519 686 diluitur.
1566 631 1854 688 Concilium

129 720 396 790 abstrahit,
439 722 534 776 hoc
577 733 651 776 est
694 723 882 791 reticet,
928 741 1025 777 non
1070 725 1297 778 meminit
1333 745 1361 779 a
1388 744 1486 796 quo
1530 746 1586 780 ea
1630 738 1849 800 potestas

130 813 466 872 Pontificibus
511 817 695 872 tradita
739 816 904 874 fuerit.
949 815 1026 873 Ita
1070 819 1293 891 quidem.
1340 818 1404 875 At
1444 819 1728 877 Concilium
1757 841 1856 877 non

130 912 336 980 reticet,
380 911 467 966 sed
511 912 774 980 meminit,
818 911 906 967 sed
950 915 1135 987 apertis
1180 915 1345 970 verbis
1390 914 1535 970 docet
1577 935 1675 989 qua
1718 929 1856 991 pote-

127 1014 253 1057 state
296 1001 568 1058 Pontifices
612 1003 860 1076 quaedam
903 1004 1002 1060 sibi
1045 1007 1281 1075 graviora
1333 1008 1547 1062 crimina
1598 1027 1853 1064 reservare

128 1108 369 1170 possunt3
412 1098 552 1168 cujus
597 1097 799 1170 quidem
844 1100 1104 1172 potestatis
1148 1100 1317 1155 indole
1360 1113 1406 1155 et
1447 1113 1624 1157 natura
1651 1103 1852 1172 cognita

127 1190 275 1264 plane
317 1191 616 1262 intelligitur
657 1211 686 1247 a
728 1211 827 1264 quo
869 1191 1045 1247 eadem
1087 1205 1306 1267 potestas
1359 1197 1655 1252 manaverit.
1719 1194 1853 1251 Con-

127 1285 233 1339 cilii
293 1285 444 1340 verba
503 1285 626 1340 haec
687 1297 835 1341 sunt:
897 1287 1088 1342 Merito
1148 1289 1421 1362 Pontifices
1481 1289 1716 1346 Maccimi
1756 1307 1857 1362 pro

125 1395 362 1451 suprema
410 1390 656 1452 potestate
704 1379 803 1434 sibi
842 1379 900 1433 in
940 1379 1184 1436 universa
1224 1382 1454 1437 Ecclesia
1495 1383 1696 1438 tradita
1737 1403 1857 1438 cau-

124 1489 204 1525 sas
247 1472 448 1544 aliquas
490 1473 769 1528 criminum
812 1473 1075 1545 qraviores
1115 1492 1205 1529 suo
1258 1487 1540 1548 potuerunt
1598 1478 1856 1551 peculiari

118 1565 329 1639 judicio
371 1585 650 1624 reservare.
696 1566 857 1639 Igitur
899 1567 1171 1625 Pontifices
1214 1569 1432 1627 Maximi
1467 1573 1518 1627 in
1545 1573 1853 1646 quibusdam

125 1663 423 1718 criminibus
475 1663 792 1720 reservandis
845 1681 1084 1737 suprema
1117 1677 1363 1738 potestate
1407 1679 1612 1723 utuntur
1652 1669 1711 1722 in
1753 1671 1853 1723 Ec-

127 1755 282 1810 clesia
304 1756 545 1812 universa
580 1758 676 1812 sibi
720 1759 943 1829 tradita,-
987 1762 1127 1833 atqui
1170 1780 1401 1836 suprema
1428 1774 1669 1836 potestaS,
1702 1782 1854 1836 quam

127 1849 325 1906 Summi
368 1848 640 1908 Pontifices
684 1853 736 1909 in
778 1851 1005 1908 Ecclesia
1048 1856 1283 1911 universa
1326 1867 1510 1925 tenent,
1537 1875 1636 1913 non
1679 1858 1750 1913 eis
1789 1857 1854 1912 ab

126 1942 374 2015 Ecclesia,
419 1945 507 2001 sed
550 1946 614 2001 al)
657 1947 766 2021 ipso
812 1945 1018 2004 Christo
1062 1948 1249 2004 tributa
1294 1949 1406 2019 fuit,
1434 1950 1570 2023 quod
1614 1951 1853 2006 catholici

122 2058 294 2095 omnes
354 2040 686 2114 profitentur3
739 2060 858 2113 ergo
912 2061 1090 2098 causas
1134 2045 1404 2099 criminum
1447 2045 1707 2116 graviores
1751 2046 1850 2101 sibi

124 2146 381 2189 reservant
419 2135 529 2205 jure
571 2134 767 2206 divino,
792 2137 898 2194 sive
938 2156 1002 2193 ex
1044 2157 1102 2194 ea
1144 2150 1407 2212 potestate,
1435 2158 1588 2212 quam
1631 2140 1696 2195 ab
1739 2141 1850 2215 ipso

122 2225 331 2284 Christo
374 2241 689 2302 acceperunt.

184 2414 275 2461 Sed
309 2415 366 2462 de
401 2427 595 2462 casuum
630 2419 952 2465 reservatione
988 2420 1120 2466 satis.
1147 2421 1236 2475 Qui
1276 2421 1409 2480 plura
1444 2422 1683 2469 desiderat
1716 2435 1856 2482 prae-

117 2501 189 2541 ter
224 2497 452 2543 Auctores
487 2509 626 2556 supra
662 2500 832 2545 citatos
868 2500 1025 2547 videat
1059 2501 1416 2549 Thomassinum
1452 2500 1507 2548 cle
1541 2508 1630 2549 vet.
1670 2509 1712 2549 et
1747 2517 1854 2550 nov.

115 2574 287 2622 Eccles.
325 2575 511 2639 discipl.
551 2585 664 2625 tom.
691 2581 726 2625 I.
764 2580 844 2626 lib.
883 2581 912 2625 2
948 2594 1049 2640 cap.
1081 2582 1158 2638 13,
1182 2584 1413 2630 Mansium
1452 2581 1777 2630 Animadvers.
1802 2583 1857 2630 in

119 2654 330 2704 Thomas.
359 2666 473 2705 tom.
500 2660 579 2705 ΙΙΙ.
618 2660 730 2706 edit.
754 2661 864 2708 Luc.
904 2662 1029 2710 1728
1065 2676 1171 2723 pag.
1198 2664 1312 2720 636,
1351 2667 1521 2710 Pontas
1558 2666 1606 2710 in
1643 2666 1850 2712 Diction.

114 2733 169 2782 de
217 2751 407 2785 casuum
452 2753 648 2799 resero„
698 2744 882 2789 Petrum
929 2744 1235 2792 Ballerinium
1284 2744 1336 2790 in
1389 2743 1571 2792 Vinclic.
1621 2745 1852 2792 Auctorit.

117 2817 337 2880 Pontific.
374 2834 477 2881 cap.
517 2823 591 2869 IV.
631 2836 678 2868 n.
718 2825 768 2879 5,
805 2825 940 2872 Card.
979 2826 1137 2873 Gerdil
1175 2824 1425 2872 Aaimacle.
1463 2825 1518 2872 in
1560 2828 1728 2873 Comm.
1767 2828 1855 2874 Fe-

116 2898 275 2948 bronii
322 2901 375 2949 in
422 2917 555 2951 suam
604 2911 795 2954 retract.
846 2908 1074 2968 proposit.
1114 2909 1193 2967 24,
1230 2909 1535 2956 Zacchariam
1573 2909 1627 2957 in
1662 2908 1852 2972 Antisc-

1334 2991 1405 3045 934-
