2114 3289
1689 94 1796 146 103

922 211 965 287 ᾗ.
1017 220 1106 271 99.

253 393 324 440 DE
365 348 807 438 TRANSLATIONE
846 390 1128 436 CESSIONE
1163 389 1274 435 SEU
1311 388 1786 437 RENUNCIATIONE

550 518 621 562 ET
658 517 1047 564 DEPOSITIONE
1087 515 1494 563 EPISCOPORUM

244 692 566 749 Innocentius
611 692 688 748 ΙΙΙ
732 713 842 767 cap.
875 695 906 745 2
936 691 996 746 de
1040 692 1368 747 translatione
1410 690 1779 766 Episcoporum
1814 691 1886 745 sic

157 789 413 862 loquitur:
461 792 587 843 Cum
628 788 814 862 fortius
840 788 902 840 sit
940 786 1210 859 spi-rituale
1247 785 1532 853 vinculum,
1577 803 1731 857 quam
1774 803 1886 838 car-

155 884 294 951 nale,
339 885 572 939 dubitari
600 903 702 938 non
728 884 892 949 (lebetj
920 882 1045 954 quin
1083 882 1399 955 omnipotens
1441 885 1581 936 Deus
1614 880 1884 954 spirituale

156 978 486 1053 conjugiumj
529 979 667 1050 quod
710 989 777 1032 est
819 978 956 1032 inter
998 977 1308 1050 Episcopum
1352 987 1398 1031 et
1442 976 1749 1042 Ecclesiam)
1794 992 1883 1029 suo

153 1083 353 1127 tantum
398 1073 607 1147 judicio
649 1073 983 1128 reservaverit
1029 1072 1425 1128 dissolvendum.
1472 1073 1590 1126 Non
1631 1071 1882 1137 humana,

153 1168 241 1221 secl
276 1168 450 1240 potius
494 1169 676 1222 (li-cina
707 1178 952 1240 potestate
997 1166 1300 1240 conjuyium
1335 1165 1606 1238 spirituale
1651 1164 1885 1219 dissolvi-

157 1273 266 1329 tur,
313 1281 425 1316 eum
461 1278 559 1335 per
602 1262 1012 1331 translationem,
1047 1260 1438 1332 depositionem,
1482 1269 1574 1313 aut
1613 1258 1886 1313 cessionem

155 1357 458 1411 auctoritate
503 1356 730 1411 Romani
774 1354 1041 1428 Pontificis
1094 1358 1294 1425 (quem
1338 1363 1529 1407 constat
1590 1370 1688 1407 esse
1739 1353 1886 1409 Vica-

156 1453 297 1505 rium
357 1453 478 1505 Jesu
521 1448 763 1513 Christi)
814 1449 1095 1522 Episcopus
1146 1448 1208 1502 ab
1262 1447 1492 1502 Ecclesia
1548 1457 1882 1517 removetur,-

155 1556 200 1599 et
242 1545 359 1600 ideo
403 1548 508 1600 tria
551 1544 695 1612 liaeo,
740 1563 868 1617 quae
903 1543 1294 1617 praemisimus)
1338 1561 1443 1596 non
1487 1553 1593 1597 tam
1644 1542 1886 1596 constitu-

152 1643 288 1697 tione
333 1642 604 1710 canonica,
632 1661 787 1715 quam
822 1641 1144 1696 institutione
1180 1640 1364 1695 (licina
1406 1639 1502 1694 soli
1544 1649 1660 1693 sunt
1695 1641 1887 1692 Roma-

159 1755 225 1790 no
270 1738 515 1811 Pontifici
558 1748 834 1793 reservata.
880 1736 1152 1791 Enimvero
1196 1754 1309 1789 cum
1370 1753 1495 1788 unus
1556 1731 1796 1789 Pontifex
1840 1734 1888 1787 vi

156 1830 434 1902 Primatus9
497 1851 582 1887 seu
633 1832 944 1886 institutione
988 1830 1182 1898 divina,
1211 1840 1505 1902 potestatem
1533 1827 1718 1882 habeat
1761 1826 1883 1901 Epi-

163 1945 342 2000 scopos
386 1925 700 1994 instituendi9
744 1924 869 1979 illud
915 1924 1062 1998 plane
1106 1924 1447 1995 consequitur,
1491 1922 1626 1995 quod
1654 1922 1752 1996 ipsi
1796 1923 1882 1976 uni

159 2021 469 2076 institutione
497 2020 670 2074 divina
694 2021 774 2090 jus
802 2020 865 2073 sit
895 2016 1230 2072 transferendi
1275 2015 1554 2091 Episcopos
1579 2035 1590 2071 :
1619 2017 1706 2089 qui
1749 2017 1882 2071 enim

157 2115 473 2185 transfertur„
518 2117 560 2170 is
614 2115 820 2169 alterius
875 2112 1131 2168 Ecclesiae
1191 2111 1471 2185 Episcopus
1525 2113 1882 2181 constituitur3

154 2211 490 2265 institutiones
525 2221 690 2264 antem
733 2207 1101 2282 Episcoporum
1145 2206 1210 2261 ad
1236 2205 1527 2261 Romanum
1580 2203 1883 2261 Pontificem

152 2305 326 2360 divino
368 2305 477 2375 jure
503 2316 725 2377 spectare
767 2304 871 2373 jam
899 2302 1142 2358 diximus,
1187 2300 1458 2356 Praeterea
1486 2318 1612 2354 unus
1642 2298 1882 2355 Pontifex

156 2399 417 2473 spirituale
461 2397 714 2452 vinculum
758 2397 926 2466 solvit,
970 2416 1068 2469 quo
1112 2395 1394 2470 Episcopus
1421 2413 1533 2450 cum
1577 2395 1737 2467 priori
1780 2392 1876 2448 Ec-

156 2495 308 2549 clesia
370 2493 786 2563 conjungebatur,
849 2503 951 2546 tum
995 2493 1115 2564 quia
1165 2509 1227 2545 ex
1269 2489 1441 2560 regula
1494 2489 1622 2558 juris
1666 2504 1746 2541 res
1780 2506 1880 2560 per

155 2605 493 2659 quascumque
537 2603 714 2640 causas
748 2586 999 2652 nascitur,
1027 2603 1125 2657 per
1163 2585 1366 2639 easdem
1410 2581 1728 2648 dissolvitur,
1774 2594 1878 2637 tum

162 2683 456 2754 praesertim
501 2683 619 2754 quia
663 2681 923 2755 spirituale
977 2681 1268 2751 conjugium
1312 2679 1441 2732 inter
1483 2676 1790 2750 Episcopum
1833 2689 1879 2732 et

162 2774 440 2831 Ecclesiam
485 2796 583 2833 non
627 2777 868 2845 humana,
913 2778 966 2830 ut
1007 2775 1076 2830 ait
1130 2773 1467 2840 Innocentius,
1510 2782 1750 2845 potestate
1778 2770 1881 2827 dis-

157 2871 390 2941 solvitur„
434 2872 521 2928 sed
587 2883 827 2945 potestate
887 2871 1082 2941 divina,
1143 2870 1237 2923 hoc
1281 2879 1351 2922 est
1398 2877 1638 2940 potestate
1682 2865 1878 2923 adnexa
