<?xml version="1.0" encoding="UTF-8"?>
<!DOCTYPE html PUBLIC "-//W3C//DTD XHTML 1.0 Transitional//EN"
    "http://www.w3.org/TR/xhtml1/DTD/xhtml1-transitional.dtd">
<html xmlns="http://www.w3.org/1999/xhtml" xml:lang="en" lang="en">
 <head>
  <title>
</title>
<meta http-equiv="Content-Type" content="text/html;charset=utf-8" />
  <meta name='ocr-system' content='tesseract 3.04.00' />
  <meta name='ocr-capabilities' content='ocr_page ocr_carea ocr_par ocr_line ocrx_word'/>
</head>
<body>
  <div class='ocr_page' id='page_1' title='image "./joanniscardinali00sogl_0242.png"; bbox 0 0 2114 3289; ppageno 0'>
   <div class='ocr_carea' id='block_1_1' title="bbox 353 130 1795 184">
    <p class='ocr_par' dir='ltr' id='par_1_1' title="bbox 353 130 1795 184">
     <span class='ocr_line' id='line_1_1' title="bbox 353 130 1795 184; baseline -0.004 -3"><span class='ocrx_word' id='word_1_1' title='bbox 353 130 424 181; x_wconf 79' lang='grc'>68</span> <span class='ocrx_word' id='word_1_2' title='bbox 470 145 566 182; x_wconf 87' lang='lat' dir='ltr'>LIB.</span> <span class='ocrx_word' id='word_1_3' title='bbox 589 144 640 179; x_wconf 91' lang='lat'>11.</span> <span class='ocrx_word' id='word_1_4' title='bbox 663 144 707 179; x_wconf 83' lang='lat' dir='ltr'>G.</span> <span class='ocrx_word' id='word_1_5' title='bbox 738 143 770 177; x_wconf 91' lang='grc' dir='ltr'>Ι.</span> <span class='ocrx_word' id='word_1_6' title='bbox 802 142 861 176; x_wconf 88' lang='lat' dir='ltr'>DE</span> <span class='ocrx_word' id='word_1_7' title='bbox 890 142 935 175; x_wconf 81' lang='lat' dir='ltr'>R.</span> <span class='ocrx_word' id='word_1_8' title='bbox 969 139 1232 175; x_wconf 85' lang='lat' dir='ltr'><strong>PONTIFIGE</strong></span> <span class='ocrx_word' id='word_1_9' title='bbox 1263 140 1431 184; x_wconf 80' lang='lat' dir='ltr'>EJUSQ.</span> <span class='ocrx_word' id='word_1_10' title='bbox 1457 139 1795 175; x_wconf 70' lang='lat' dir='ltr'>ADJUTORIBUS</span> 
     </span>
    </p>
   </div>
   <div class='ocr_carea' id='block_1_2' title="bbox 269 239 1989 398">
    <p class='ocr_par' dir='ltr' id='par_1_2' title="bbox 269 239 1989 398">
     <span class='ocr_line' id='line_1_2' title="bbox 269 239 1989 322; baseline -0.005 -17"><span class='ocrx_word' id='word_1_11' title='bbox 269 268 353 305; x_wconf 86' lang='lat' dir='ltr'>eos</span> <span class='ocrx_word' id='word_1_12' title='bbox 404 249 563 322; x_wconf 81' lang='lat' dir='ltr'>potuit</span> <span class='ocrx_word' id='word_1_13' title='bbox 587 289 603 315; x_wconf 61' lang='lat'>2</span> <span class='ocrx_word' id='word_1_14' title='bbox 646 245 731 317; x_wconf 87' lang='lat' dir='ltr'>qui</span> <span class='ocrx_word' id='word_1_15' title='bbox 776 244 968 297; x_wconf 86' lang='lat' dir='ltr'>ratione</span> <span class='ocrx_word' id='word_1_16' title='bbox 1010 239 1268 297; x_wconf 87' lang='lat' dir='ltr'>Primatus</span> <span class='ocrx_word' id='word_1_17' title='bbox 1319 242 1681 316; x_wconf 79' lang='lat' dir='ltr'>plenitudinem</span> <span class='ocrx_word' id='word_1_18' title='bbox 1731 243 1989 315; x_wconf 85' lang='lat' dir='ltr'>potestatis</span> 
     </span>
     <span class='ocr_line' id='line_1_3' title="bbox 271 342 542 398; baseline -0.004 -2"><span class='ocrx_word' id='word_1_19' title='bbox 271 342 542 398; x_wconf 85' lang='lat' dir='ltr'>habebant.</span> 
     </span>
    </p>
   </div>
   <div class='ocr_carea' id='block_1_3' title="bbox 208 521 2004 1794">
    <p class='ocr_par' dir='ltr' id='par_1_3' title="bbox 208 521 2004 1794">
     <span class='ocr_line' id='line_1_4' title="bbox 328 521 1999 581; baseline -0.002 -8"><span class='ocrx_word' id='word_1_20' title='bbox 328 526 569 573; x_wconf 79' lang='lat' dir='ltr'>Praeclare</span> <span class='ocrx_word' id='word_1_21' title='bbox 606 525 941 571; x_wconf 80' lang='lat' dir='ltr'>Tliomassinus</span> <span class='ocrx_word' id='word_1_22' title='bbox 971 526 1021 570; x_wconf 89' lang='lat' dir='ltr'>in</span> <span class='ocrx_word' id='word_1_23' title='bbox 1053 524 1181 570; x_wconf 86' lang='lat' dir='ltr'>notis</span> <span class='ocrx_word' id='word_1_24' title='bbox 1215 522 1271 569; x_wconf 86' lang='lat' dir='ltr'>ad</span> <span class='ocrx_word' id='word_1_25' title='bbox 1306 535 1441 570; x_wconf 80' lang='lat' dir='ltr'>suum</span> <span class='ocrx_word' id='word_1_26' title='bbox 1476 536 1592 581; x_wconf 85' lang='lat' dir='ltr'>opus</span> <span class='ocrx_word' id='word_1_27' title='bbox 1625 521 1679 570; x_wconf 82' lang='lat' dir='ltr'>de</span> <span class='ocrx_word' id='word_1_28' title='bbox 1714 537 1834 570; x_wconf 83' lang='grc' dir='ltr'><em>-ηουα</em></span> <span class='ocrx_word' id='word_1_29' title='bbox 1856 529 1899 569; x_wconf 88' lang='lat' dir='ltr'>et</span> <span class='ocrx_word' id='word_1_30' title='bbox 1920 538 1999 570; x_wconf 80' lang='lat' dir='ltr'>ve-</span> 
     </span>
     <span class='ocr_line' id='line_1_5' title="bbox 259 604 1999 666; baseline -0.003 -11"><span class='ocrx_word' id='word_1_31' title='bbox 259 607 351 655; x_wconf 85' lang='lat' dir='ltr'>teri</span> <span class='ocrx_word' id='word_1_32' title='bbox 384 605 617 653; x_wconf 78' lang='lat' dir='ltr'><em>Ecclesiae</em></span> <span class='ocrx_word' id='word_1_33' title='bbox 651 604 908 666; x_wconf 76' lang='lat' dir='ltr'><em>disciplina</em></span> <span class='ocrx_word' id='word_1_34' title='bbox 932 605 1284 660; x_wconf 84' lang='lat' dir='ltr'>animadvertit,</span> <span class='ocrx_word' id='word_1_35' title='bbox 1310 616 1412 650; x_wconf 89' lang='lat' dir='ltr'>eam</span> <span class='ocrx_word' id='word_1_36' title='bbox 1447 611 1728 662; x_wconf 86' lang='lat' dir='ltr'>potestatem</span> <span class='ocrx_word' id='word_1_37' title='bbox 1764 618 1789 651; x_wconf 91' lang='lat' dir='ltr'>a</span> <span class='ocrx_word' id='word_1_38' title='bbox 1825 605 1999 651; x_wconf 88' lang='lat' dir='ltr'>Conci-</span> 
     </span>
     <span class='ocr_line' id='line_1_6' title="bbox 258 686 1995 747; baseline -0.002 -12"><span class='ocrx_word' id='word_1_39' title='bbox 258 691 337 735; x_wconf 77' lang='lat' dir='ltr'>liis</span> <span class='ocrx_word' id='word_1_40' title='bbox 385 687 757 747; x_wconf 84' lang='lat' dir='ltr'>provincialibus</span> <span class='ocrx_word' id='word_1_41' title='bbox 806 687 856 732; x_wconf 87' lang='lat' dir='ltr'>in</span> <span class='ocrx_word' id='word_1_42' title='bbox 906 688 1036 732; x_wconf 80' lang='lat' dir='ltr'>Rom.</span> <span class='ocrx_word' id='word_1_43' title='bbox 1083 687 1358 732; x_wconf 82' lang='lat' dir='ltr'>Pontificem</span> <span class='ocrx_word' id='word_1_44' title='bbox 1406 698 1501 731; x_wconf 86' lang='lat' dir='ltr'>non</span> <span class='ocrx_word' id='word_1_45' title='bbox 1553 698 1652 731; x_wconf 87' lang='lat' dir='ltr'>esse</span> <span class='ocrx_word' id='word_1_46' title='bbox 1700 686 1995 741; x_wconf 76' lang='lat' dir='ltr'>translatam,</span> 
     </span>
     <span class='ocr_line' id='line_1_7' title="bbox 261 767 1997 830; baseline -0.003 -12"><span class='ocrx_word' id='word_1_47' title='bbox 261 772 397 829; x_wconf 76' lang='lat' dir='ltr'>eique</span> <span class='ocrx_word' id='word_1_48' title='bbox 435 771 561 816; x_wconf 86' lang='lat' dir='ltr'>velut</span> <span class='ocrx_word' id='word_1_49' title='bbox 596 782 767 815; x_wconf 87' lang='lat' dir='ltr'>novum</span> <span class='ocrx_word' id='word_1_50' title='bbox 805 767 884 827; x_wconf 85' lang='lat' dir='ltr'>jus</span> <span class='ocrx_word' id='word_1_51' title='bbox 921 769 1202 824; x_wconf 82' lang='lat' dir='ltr'>accrevisse,</span> <span class='ocrx_word' id='word_1_52' title='bbox 1226 782 1318 826; x_wconf 87' lang='lat' dir='ltr'>quo</span> <span class='ocrx_word' id='word_1_53' title='bbox 1343 775 1482 814; x_wconf 81' lang='lat' dir='ltr'>antea</span> <span class='ocrx_word' id='word_1_54' title='bbox 1519 776 1718 823; x_wconf 85' lang='lat' dir='ltr'>careret;</span> <span class='ocrx_word' id='word_1_55' title='bbox 1743 769 1821 815; x_wconf 85' lang='lat' dir='ltr'>sed</span> <span class='ocrx_word' id='word_1_56' title='bbox 1858 783 1997 830; x_wconf 85' lang='lat' dir='ltr'>quam</span> 
     </span>
     <span class='ocr_line' id='line_1_8' title="bbox 262 846 1999 912; baseline -0.002 -14"><span class='ocrx_word' id='word_1_57' title='bbox 262 865 437 912; x_wconf 85' lang='lat' dir='ltr'>semper</span> <span class='ocrx_word' id='word_1_58' title='bbox 479 849 657 896; x_wconf 80' lang='lat' dir='ltr'>alicubi</span> <span class='ocrx_word' id='word_1_59' title='bbox 703 855 999 906; x_wconf 75' lang='lat' dir='ltr'>eoeercuerat,</span> <span class='ocrx_word' id='word_1_60' title='bbox 1039 864 1140 895; x_wconf 83' lang='lat' dir='ltr'>eam</span> <span class='ocrx_word' id='word_1_61' title='bbox 1184 846 1587 910; x_wconf 74' lang='lat' dir='ltr'>supersedentibus</span> <span class='ocrx_word' id='word_1_62' title='bbox 1630 850 1853 896; x_wconf 80' lang='lat' dir='ltr'>Conciliis</span> <span class='ocrx_word' id='word_1_63' title='bbox 1882 865 1999 911; x_wconf 83' lang='lat' dir='ltr'>pro-</span> 
     </span>
     <span class='ocr_line' id='line_1_9' title="bbox 254 931 1993 995; baseline -0.003 -14"><span class='ocrx_word' id='word_1_64' title='bbox 254 933 539 981; x_wconf 67' lang='lat' dir='ltr'>vincialibus</span> <span class='ocrx_word' id='word_1_65' title='bbox 574 933 772 994; x_wconf 81' lang='lat' dir='ltr'>coepisse</span> <span class='ocrx_word' id='word_1_66' title='bbox 808 933 975 995; x_wconf 79' lang='lat' dir='ltr'>ubique</span> <span class='ocrx_word' id='word_1_67' title='bbox 1010 939 1247 978; x_wconf 82' lang='lat' dir='ltr'>terrarum</span> <span class='ocrx_word' id='word_1_68' title='bbox 1277 931 1402 978; x_wconf 86' lang='lat' dir='ltr'>solus</span> <span class='ocrx_word' id='word_1_69' title='bbox 1437 946 1669 978; x_wconf 71' lang='lat' dir='ltr'>exercere.</span> <span class='ocrx_word' id='word_1_70' title='bbox 1708 933 1765 978; x_wconf 83' lang='lat' dir='ltr'>Et</span> <span class='ocrx_word' id='word_1_71' title='bbox 1799 934 1993 979; x_wconf 86' lang='lat' dir='ltr'>deinde:</span> 
     </span>
     <span class='ocr_line' id='line_1_10' title="bbox 258 1012 1998 1077; baseline -0.001 -16"><span class='ocrx_word' id='word_1_72' title='bbox 258 1014 344 1062; x_wconf 85' lang='lat' dir='ltr'>Ubi</span> <span class='ocrx_word' id='word_1_73' title='bbox 370 1015 456 1077; x_wconf 85' lang='lat' dir='ltr'>jus</span> <span class='ocrx_word' id='word_1_74' title='bbox 497 1013 553 1061; x_wconf 85' lang='lat' dir='ltr'>ab</span> <span class='ocrx_word' id='word_1_75' title='bbox 590 1014 818 1076; x_wconf 80' lang='lat' dir='ltr'>inferiori</span> <span class='ocrx_word' id='word_1_76' title='bbox 854 1013 915 1060; x_wconf 84' lang='lat' dir='ltr'>ad</span> <span class='ocrx_word' id='word_1_77' title='bbox 950 1013 1236 1076; x_wconf 81' lang='lat' dir='ltr'>superiorem</span> <span class='ocrx_word' id='word_1_78' title='bbox 1284 1012 1568 1070; x_wconf 71' lang='lat' dir='ltr'>devolvitur,</span> <span class='ocrx_word' id='word_1_79' title='bbox 1606 1029 1700 1059; x_wconf 78' lang='lat' dir='ltr'>non</span> <span class='ocrx_word' id='word_1_80' title='bbox 1734 1014 1908 1075; x_wconf 79' lang='lat' dir='ltr'>accipit</span> <span class='ocrx_word' id='word_1_81' title='bbox 1942 1013 1998 1060; x_wconf 84' lang='lat' dir='ltr'>ab</span> 
     </span>
     <span class='ocr_line' id='line_1_11' title="bbox 261 1094 1999 1158; baseline 0 -16"><span class='ocrx_word' id='word_1_82' title='bbox 261 1095 508 1157; x_wconf 79' lang='lat' dir='ltr'>inferiori,</span> <span class='ocrx_word' id='word_1_83' title='bbox 548 1111 629 1142; x_wconf 78' lang='lat' dir='ltr'>nec</span> <span class='ocrx_word' id='word_1_84' title='bbox 665 1103 865 1158; x_wconf 75' lang='lat' dir='ltr'>usurpat</span> <span class='ocrx_word' id='word_1_85' title='bbox 900 1095 952 1142; x_wconf 79' lang='lat' dir='ltr'>in</span> <span class='ocrx_word' id='word_1_86' title='bbox 989 1094 1268 1157; x_wconf 74' lang='lat' dir='ltr'>inferiorem</span> <span class='ocrx_word' id='word_1_87' title='bbox 1311 1094 1527 1156; x_wconf 86' lang='lat' dir='ltr'>superior</span> <span class='ocrx_word' id='word_1_88' title='bbox 1531 1128 1622 1141; x_wconf 88' lang='grc'><strong>.....</strong></span> <span class='ocrx_word' id='word_1_89' title='bbox 1663 1094 1765 1139; x_wconf 71' lang='lat' dir='ltr'>Non</span> <span class='ocrx_word' id='word_1_90' title='bbox 1799 1101 1999 1157; x_wconf 79' lang='lat' dir='ltr'>repetere</span> 
     </span>
     <span class='ocr_line' id='line_1_12' title="bbox 252 1175 2004 1240; baseline -0.001 -16"><span class='ocrx_word' id='word_1_91' title='bbox 252 1184 457 1240; x_wconf 79' lang='lat' dir='ltr'>potesta</span> <span class='ocrx_word' id='word_1_92' title='bbox 483 1177 719 1240; x_wconf 79' lang='lat' dir='ltr'>superiori</span> <span class='ocrx_word' id='word_1_93' title='bbox 755 1176 963 1238; x_wconf 79' lang='lat' dir='ltr'>inferior</span> <span class='ocrx_word' id='word_1_94' title='bbox 967 1210 1060 1223; x_wconf 90' lang='grc'><strong>.....</strong></span> <span class='ocrx_word' id='word_1_95' title='bbox 1098 1176 1309 1224; x_wconf 82' lang='lat' dir='ltr'>Solemne</span> <span class='ocrx_word' id='word_1_96' title='bbox 1340 1177 1464 1223; x_wconf 82' lang='lat' dir='ltr'>enim</span> <span class='ocrx_word' id='word_1_97' title='bbox 1487 1182 1574 1234; x_wconf 76' lang='lat' dir='ltr'>est,</span> <span class='ocrx_word' id='word_1_98' title='bbox 1591 1176 1712 1237; x_wconf 85' lang='lat' dir='ltr'>jura</span> <span class='ocrx_word' id='word_1_99' title='bbox 1747 1177 1906 1222; x_wconf 84' lang='lat' dir='ltr'>omnia</span> <span class='ocrx_word' id='word_1_100' title='bbox 1941 1175 2004 1222; x_wconf 76' lang='lat' dir='ltr'>acl</span> 
     </span>
     <span class='ocr_line' id='line_1_13' title="bbox 257 1258 2001 1322; baseline -0.001 -17"><span class='ocrx_word' id='word_1_101' title='bbox 257 1259 521 1322; x_wconf 75' lang='lat' dir='ltr'>superiores</span> <span class='ocrx_word' id='word_1_102' title='bbox 543 1259 599 1306; x_wconf 89' lang='lat' dir='ltr'>ab</span> <span class='ocrx_word' id='word_1_103' title='bbox 623 1258 935 1320; x_wconf 78' lang='lat' dir='ltr'>inferioribus</span> <span class='ocrx_word' id='word_1_104' title='bbox 965 1258 1167 1317; x_wconf 52' lang='lat' dir='ltr'>devolvi)</span> <span class='ocrx_word' id='word_1_105' title='bbox 1193 1265 1235 1305; x_wconf 85' lang='lat' dir='ltr'>et</span> <span class='ocrx_word' id='word_1_106' title='bbox 1266 1258 1474 1304; x_wconf 79' lang='lat' dir='ltr'>omnium</span> <span class='ocrx_word' id='word_1_107' title='bbox 1491 1273 1688 1320; x_wconf 79' lang='lat' dir='ltr'>prorsus</span> <span class='ocrx_word' id='word_1_108' title='bbox 1716 1264 2001 1320; x_wconf 80' lang='lat' dir='ltr'>potestatum</span> 
     </span>
     <span class='ocr_line' id='line_1_14' title="bbox 219 1338 2001 1403; baseline 0 -19"><span class='ocrx_word' id='word_1_109' title='bbox 219 1377 226 1384; x_wconf 83' lang='lat'><em>.</em></span> <span class='ocrx_word' id='word_1_110' title='bbox 259 1340 589 1403; x_wconf 78' lang='lat' dir='ltr'>spiritualium</span> <span class='ocrx_word' id='word_1_111' title='bbox 617 1341 738 1403; x_wconf 85' lang='lat' dir='ltr'>jura</span> <span class='ocrx_word' id='word_1_112' title='bbox 783 1338 844 1387; x_wconf 84' lang='lat' dir='ltr'>ad</span> <span class='ocrx_word' id='word_1_113' title='bbox 877 1341 1119 1388; x_wconf 77' lang='lat' dir='ltr'>Summum</span> <span class='ocrx_word' id='word_1_114' title='bbox 1162 1340 1438 1403; x_wconf 69' lang='lat' dir='ltr'>Pontificem</span> <span class='ocrx_word' id='word_1_115' title='bbox 1481 1339 1662 1386; x_wconf 65' lang='lat' dir='ltr'>devolvi</span> <span class='ocrx_word' id='word_1_116' title='bbox 1700 1354 1851 1401; x_wconf 81' lang='lat' dir='ltr'>posse,</span> <span class='ocrx_word' id='word_1_117' title='bbox 1889 1338 2001 1400; x_wconf 77' lang='lat' dir='ltr'>quia</span> 
     </span>
     <span class='ocr_line' id='line_1_15' title="bbox 208 1419 1999 1482; baseline -0.001 -14"><span class='ocrx_word' id='word_1_118' title='bbox 208 1456 210 1459; x_wconf 89' lang='lat'>-</span> <span class='ocrx_word' id='word_1_119' title='bbox 257 1437 463 1469; x_wconf 84' lang='lat' dir='ltr'>summus</span> <span class='ocrx_word' id='word_1_120' title='bbox 498 1422 708 1468; x_wconf 83' lang='lat' dir='ltr'>omnium</span> <span class='ocrx_word' id='word_1_121' title='bbox 742 1428 909 1468; x_wconf 77' lang='lat' dir='ltr'>vertex</span> <span class='ocrx_word' id='word_1_122' title='bbox 944 1428 1009 1468; x_wconf 81' lang='lat' dir='ltr'>est</span> <span class='ocrx_word' id='word_1_123' title='bbox 1015 1455 1105 1467; x_wconf 89' lang='lat'><strong>.....</strong></span> <span class='ocrx_word' id='word_1_124' title='bbox 1131 1421 1187 1468; x_wconf 77' lang='lat' dir='ltr'>Si</span> <span class='ocrx_word' id='word_1_125' title='bbox 1221 1428 1378 1467; x_wconf 69' lang='lat' dir='ltr'>auoem</span> <span class='ocrx_word' id='word_1_126' title='bbox 1420 1421 1529 1468; x_wconf 77' lang='lat' dir='ltr'>haec</span> <span class='ocrx_word' id='word_1_127' title='bbox 1556 1422 1676 1482; x_wconf 85' lang='lat' dir='ltr'>jura</span> <span class='ocrx_word' id='word_1_128' title='bbox 1710 1437 1739 1467; x_wconf 87' lang='lat' dir='ltr'>a</span> <span class='ocrx_word' id='word_1_129' title='bbox 1775 1419 1999 1467; x_wconf 79' lang='lat' dir='ltr'>Conciliis</span> 
     </span>
     <span class='ocr_line' id='line_1_16' title="bbox 251 1501 2000 1566; baseline -0.002 -16"><span class='ocrx_word' id='word_1_130' title='bbox 251 1502 631 1566; x_wconf 78' lang='lat' dir='ltr'>provincialibus</span> <span class='ocrx_word' id='word_1_131' title='bbox 653 1501 714 1548; x_wconf 81' lang='lat' dir='ltr'>ad</span> <span class='ocrx_word' id='word_1_132' title='bbox 735 1503 975 1549; x_wconf 82' lang='lat' dir='ltr'>Summum</span> <span class='ocrx_word' id='word_1_133' title='bbox 1012 1502 1288 1565; x_wconf 80' lang='lat' dir='ltr'>Pontificem</span> <span class='ocrx_word' id='word_1_134' title='bbox 1310 1501 1638 1558; x_wconf 68' lang='lat' dir='ltr'>devolvuntur,</span> <span class='ocrx_word' id='word_1_135' title='bbox 1662 1502 1773 1564; x_wconf 83' lang='lat' dir='ltr'>quia</span> <span class='ocrx_word' id='word_1_136' title='bbox 1796 1517 2000 1548; x_wconf 82' lang='lat' dir='ltr'>summus</span> 
     </span>
     <span class='ocr_line' id='line_1_17' title="bbox 257 1581 1999 1646; baseline -0.002 -15"><span class='ocrx_word' id='word_1_137' title='bbox 257 1585 467 1631; x_wconf 81' lang='lat' dir='ltr'>omnium</span> <span class='ocrx_word' id='word_1_138' title='bbox 501 1591 668 1632; x_wconf 72' lang='lat' dir='ltr'>vertex</span> <span class='ocrx_word' id='word_1_139' title='bbox 717 1590 803 1642; x_wconf 72' lang='lat' dir='ltr'>est,</span> <span class='ocrx_word' id='word_1_140' title='bbox 848 1599 1096 1646; x_wconf 80' lang='lat' dir='ltr'>perperam</span> <span class='ocrx_word' id='word_1_141' title='bbox 1132 1598 1235 1644; x_wconf 71' lang='lat' dir='ltr'>erqo</span> <span class='ocrx_word' id='word_1_142' title='bbox 1271 1582 1379 1630; x_wconf 80' lang='lat' dir='ltr'>inde</span> <span class='ocrx_word' id='word_1_143' title='bbox 1415 1583 1645 1645; x_wconf 76' lang='lat' dir='ltr'>insertur,</span> <span class='ocrx_word' id='word_1_144' title='bbox 1694 1581 1814 1645; x_wconf 83' lang='lat' dir='ltr'>quod</span> <span class='ocrx_word' id='word_1_145' title='bbox 1848 1598 1901 1629; x_wconf 86' lang='lat' dir='ltr'>ea</span> <span class='ocrx_word' id='word_1_146' title='bbox 1936 1597 1999 1629; x_wconf 77' lang='lat' dir='ltr'>ea:</span> 
     </span>
     <span class='ocr_line' id='line_1_18' title="bbox 259 1663 2001 1728; baseline -0.001 -16"><span class='ocrx_word' id='word_1_147' title='bbox 259 1680 353 1712; x_wconf 88' lang='lat' dir='ltr'>sese</span> <span class='ocrx_word' id='word_1_148' title='bbox 389 1681 483 1712; x_wconf 78' lang='lat' dir='ltr'>uon</span> <span class='ocrx_word' id='word_1_149' title='bbox 517 1664 699 1722; x_wconf 78' lang='lat' dir='ltr'>habeat,</span> <span class='ocrx_word' id='word_1_150' title='bbox 750 1663 872 1728; x_wconf 79' lang='lat' dir='ltr'>quod</span> <span class='ocrx_word' id='word_1_151' title='bbox 914 1681 967 1713; x_wconf 83' lang='lat' dir='ltr'>ea</span> <span class='ocrx_word' id='word_1_152' title='bbox 1002 1672 1212 1727; x_wconf 80' lang='lat' dir='ltr'>usurpet,</span> <span class='ocrx_word' id='word_1_153' title='bbox 1262 1663 1384 1728; x_wconf 81' lang='lat' dir='ltr'>quod</span> <span class='ocrx_word' id='word_1_154' title='bbox 1429 1665 1671 1712; x_wconf 81' lang='lat' dir='ltr'>contrario</span> <span class='ocrx_word' id='word_1_155' title='bbox 1720 1680 1808 1711; x_wconf 84' lang='lat' dir='ltr'>usu</span> <span class='ocrx_word' id='word_1_156' title='bbox 1850 1664 2001 1726; x_wconf 67' lang='lat' dir='ltr'>possit</span> 
     </span>
     <span class='ocr_line' id='line_1_19' title="bbox 258 1746 490 1794; baseline 0 -2"><span class='ocrx_word' id='word_1_157' title='bbox 258 1746 490 1794; x_wconf 81' lang='lat' dir='ltr'>amittere.</span> 
     </span>
    </p>
   </div>
   <div class='ocr_carea' id='block_1_4' title="bbox 1037 1893 1223 1969">
    <p class='ocr_par' dir='ltr' id='par_1_4' title="bbox 1037 1893 1223 1969">
     <span class='ocr_line' id='line_1_20' title="bbox 1037 1893 1223 1969; baseline -0.005 -14"><span class='ocrx_word' id='word_1_158' title='bbox 1037 1893 1081 1969; x_wconf 59' lang='lat' dir='ltr'>g.</span> <span class='ocrx_word' id='word_1_159' title='bbox 1131 1902 1223 1954; x_wconf 73' lang='lat'>20.</span> 
     </span>
    </p>
   </div>
   <div class='ocr_carea' id='block_1_5' title="bbox 559 2049 1704 2206">
    <p class='ocr_par' dir='ltr' id='par_1_5' title="bbox 559 2049 1704 2206">
     <span class='ocr_line' id='line_1_21' title="bbox 559 2049 1704 2095; baseline 0.002 -2"><span class='ocrx_word' id='word_1_160' title='bbox 559 2049 631 2093; x_wconf 89' lang='lat' dir='ltr'>DE</span> <span class='ocrx_word' id='word_1_161' title='bbox 669 2049 807 2094; x_wconf 78' lang='lat' dir='ltr'>JURE</span> <span class='ocrx_word' id='word_1_162' title='bbox 847 2049 1188 2095; x_wconf 85' lang='lat' dir='ltr'><strong>DEFINIENDI</strong></span> <span class='ocrx_word' id='word_1_163' title='bbox 1223 2049 1704 2095; x_wconf 69' lang='lat' dir='ltr'>CONTROVERSIAS</span> 
     </span>
     <span class='ocr_line' id='line_1_22' title="bbox 812 2159 1457 2206; baseline 0.003 -2"><span class='ocrx_word' id='word_1_164' title='bbox 812 2159 884 2204; x_wconf 92' lang='lat' dir='ltr'>DE</span> <span class='ocrx_word' id='word_1_165' title='bbox 923 2160 1052 2205; x_wconf 89' lang='lat' dir='ltr'>FIDE</span> <span class='ocrx_word' id='word_1_166' title='bbox 1095 2160 1167 2204; x_wconf 90' lang='lat' dir='ltr'>ET</span> <span class='ocrx_word' id='word_1_167' title='bbox 1202 2159 1457 2206; x_wconf 77' lang='lat' dir='ltr'>MORIBUS</span> 
     </span>
    </p>
   </div>
   <div class='ocr_carea' id='block_1_6' title="bbox 271 2319 1999 2944">
    <p class='ocr_par' dir='ltr' id='par_1_6' title="bbox 271 2319 1999 2944">
     <span class='ocr_line' id='line_1_23' title="bbox 350 2319 1994 2395; baseline 0 -19"><span class='ocrx_word' id='word_1_168' title='bbox 350 2319 445 2377; x_wconf 88' lang='lat' dir='ltr'>His</span> <span class='ocrx_word' id='word_1_169' title='bbox 489 2321 811 2395; x_wconf 76' lang='lat' dir='ltr'>praepositi5‚</span> <span class='ocrx_word' id='word_1_170' title='bbox 839 2321 904 2377; x_wconf 88' lang='lat' dir='ltr'>ad</span> <span class='ocrx_word' id='word_1_171' title='bbox 938 2320 1197 2378; x_wconf 88' lang='lat' dir='ltr'>Primatus</span> <span class='ocrx_word' id='word_1_172' title='bbox 1222 2324 1336 2393; x_wconf 89' lang='lat' dir='ltr'>jura</span> <span class='ocrx_word' id='word_1_173' title='bbox 1363 2322 1661 2394; x_wconf 80' lang='lat' dir='ltr'>singillatim</span> <span class='ocrx_word' id='word_1_174' title='bbox 1688 2320 1994 2377; x_wconf 86' lang='lat' dir='ltr'>enucleanda</span> 
     </span>
     <span class='ocr_line' id='line_1_24' title="bbox 271 2414 1996 2488; baseline -0.001 -17"><span class='ocrx_word' id='word_1_175' title='bbox 271 2415 588 2471; x_wconf 82' lang='lat' dir='ltr'>accedamus.</span> <span class='ocrx_word' id='word_1_176' title='bbox 635 2414 878 2470; x_wconf 86' lang='lat' dir='ltr'>Doctores</span> <span class='ocrx_word' id='word_1_177' title='bbox 922 2415 1081 2488; x_wconf 83' lang='lat' dir='ltr'>aliqui</span> <span class='ocrx_word' id='word_1_178' title='bbox 1125 2418 1195 2471; x_wconf 88' lang='lat' dir='ltr'>sic</span> <span class='ocrx_word' id='word_1_179' title='bbox 1239 2436 1297 2472; x_wconf 89' lang='lat' dir='ltr'>ea</span> <span class='ocrx_word' id='word_1_180' title='bbox 1341 2417 1668 2486; x_wconf 66' lang='lat' dir='ltr'>distribuunt„</span> <span class='ocrx_word' id='word_1_181' title='bbox 1708 2428 1759 2471; x_wconf 91' lang='lat' dir='ltr'>ut</span> <span class='ocrx_word' id='word_1_182' title='bbox 1801 2417 1901 2470; x_wconf 86' lang='lat' dir='ltr'>alia</span> <span class='ocrx_word' id='word_1_183' title='bbox 1944 2417 1996 2469; x_wconf 89' lang='lat' dir='ltr'>in</span> 
     </span>
     <span class='ocr_line' id='line_1_25' title="bbox 271 2509 1996 2583; baseline 0.001 -19"><span class='ocrx_word' id='word_1_184' title='bbox 271 2509 551 2565; x_wconf 85' lang='lat' dir='ltr'>Ecclesiam</span> <span class='ocrx_word' id='word_1_185' title='bbox 596 2509 898 2583; x_wconf 73' lang='lat' dir='ltr'>dispersam,</span> <span class='ocrx_word' id='word_1_186' title='bbox 932 2510 1033 2565; x_wconf 89' lang='lat' dir='ltr'>alia</span> <span class='ocrx_word' id='word_1_187' title='bbox 1076 2511 1127 2563; x_wconf 89' lang='lat' dir='ltr'>iu</span> <span class='ocrx_word' id='word_1_188' title='bbox 1171 2509 1451 2566; x_wconf 85' lang='lat' dir='ltr'>Ecclesiam</span> <span class='ocrx_word' id='word_1_189' title='bbox 1496 2522 1869 2581; x_wconf 74' lang='lat' dir='ltr'>congregatam,</span> <span class='ocrx_word' id='word_1_190' title='bbox 1901 2510 1996 2565; x_wconf 90' lang='lat' dir='ltr'>hoc</span> 
     </span>
     <span class='ocr_line' id='line_1_26' title="bbox 271 2602 1999 2675; baseline -0.001 -16"><span class='ocrx_word' id='word_1_191' title='bbox 271 2615 344 2659; x_wconf 87' lang='lat' dir='ltr'>est</span> <span class='ocrx_word' id='word_1_192' title='bbox 386 2605 437 2658; x_wconf 88' lang='lat' dir='ltr'>in</span> <span class='ocrx_word' id='word_1_193' title='bbox 482 2602 711 2659; x_wconf 86' lang='lat' dir='ltr'>Concilia</span> <span class='ocrx_word' id='word_1_194' title='bbox 753 2604 1045 2674; x_wconf 73' lang='lat' dir='ltr'>generalia,</span> <span class='ocrx_word' id='word_1_195' title='bbox 1090 2618 1430 2661; x_wconf 78' lang='lat' dir='ltr'>exerceantur.</span> <span class='ocrx_word' id='word_1_196' title='bbox 1492 2605 1567 2660; x_wconf 91' lang='lat' dir='ltr'>De</span> <span class='ocrx_word' id='word_1_197' title='bbox 1618 2603 1861 2659; x_wconf 80' lang='lat' dir='ltr'>Cone-iliis</span> <span class='ocrx_word' id='word_1_198' title='bbox 1912 2624 1999 2675; x_wconf 89' lang='lat' dir='ltr'>ge-</span> 
     </span>
     <span class='ocr_line' id='line_1_27' title="bbox 274 2698 1998 2769; baseline 0.001 -17"><span class='ocrx_word' id='word_1_199' title='bbox 274 2698 527 2754; x_wconf 86' lang='lat' dir='ltr'>neralibus</span> <span class='ocrx_word' id='word_1_200' title='bbox 582 2698 771 2753; x_wconf 84' lang='lat' dir='ltr'>dictum</span> <span class='ocrx_word' id='word_1_201' title='bbox 824 2700 944 2754; x_wconf 86' lang='lat' dir='ltr'>satis</span> <span class='ocrx_word' id='word_1_202' title='bbox 988 2710 1060 2753; x_wconf 88' lang='lat' dir='ltr'>est</span> <span class='ocrx_word' id='word_1_203' title='bbox 1103 2700 1152 2752; x_wconf 90' lang='lat' dir='ltr'>in</span> <span class='ocrx_word' id='word_1_204' title='bbox 1198 2698 1658 2769; x_wconf 76' lang='lat' dir='ltr'>Praenotionibus3</span> <span class='ocrx_word' id='word_1_205' title='bbox 1703 2718 1830 2753; x_wconf 87' lang='lat' dir='ltr'>nunc</span> <span class='ocrx_word' id='word_1_206' title='bbox 1877 2718 1998 2753; x_wconf 79' lang='lat' dir='ltr'>vero</span> 
     </span>
     <span class='ocr_line' id='line_1_28' title="bbox 274 2792 1994 2865; baseline 0.001 -20"><span class='ocrx_word' id='word_1_207' title='bbox 274 2792 335 2846; x_wconf 88' lang='lat' dir='ltr'>de</span> <span class='ocrx_word' id='word_1_208' title='bbox 378 2793 492 2847; x_wconf 89' lang='lat' dir='ltr'>aliis</span> <span class='ocrx_word' id='word_1_209' title='bbox 535 2794 731 2863; x_wconf 82' lang='lat' dir='ltr'>juribus</span> <span class='ocrx_word' id='word_1_210' title='bbox 776 2795 955 2862; x_wconf 73' lang='lat' dir='ltr'>acturi,</span> <span class='ocrx_word' id='word_1_211' title='bbox 984 2813 1011 2847; x_wconf 94' lang='lat' dir='ltr'>a</span> <span class='ocrx_word' id='word_1_212' title='bbox 1045 2795 1153 2863; x_wconf 88' lang='lat' dir='ltr'>jure</span> <span class='ocrx_word' id='word_1_213' title='bbox 1196 2793 1468 2849; x_wconf 86' lang='lat' dir='ltr'>definiendi</span> <span class='ocrx_word' id='word_1_214' title='bbox 1511 2795 1827 2865; x_wconf 81' lang='lat' dir='ltr'>quaestiones</span> <span class='ocrx_word' id='word_1_215' title='bbox 1873 2792 1994 2847; x_wconf 86' lang='lat' dir='ltr'>fidei</span> 
     </span>
     <span class='ocr_line' id='line_1_29' title="bbox 275 2888 1092 2944; baseline 0.005 -4"><span class='ocrx_word' id='word_1_216' title='bbox 275 2897 320 2940; x_wconf 88' lang='lat' dir='ltr'>et</span> <span class='ocrx_word' id='word_1_217' title='bbox 363 2906 557 2943; x_wconf 87' lang='lat' dir='ltr'>morum</span> <span class='ocrx_word' id='word_1_218' title='bbox 602 2888 798 2943; x_wconf 84' lang='lat' dir='ltr'>initium</span> <span class='ocrx_word' id='word_1_219' title='bbox 844 2888 1092 2944; x_wconf 75' lang='lat' dir='ltr'>ducimuS.</span> 
     </span>
    </p>
   </div>
  </div>
 </body>
</html>
