2114 3289
346 146 392 221 §-
421 170 564 206 xv111.
594 168 653 203 DE
684 168 798 204 RAT.
828 169 938 205 DET,
968 171 1079 206 ΟΠ.
1111 172 1170 206 ΕΤ
1197 171 1321 206 JURA
1352 171 1599 207 PRIHATUS
1701 157 1771 207 65

196 271 323 316 Scite
372 271 616 315 admodum
666 270 839 315 Auctor
886 271 1082 327 Operis,
1121 272 1243 329 quod
1284 273 1558 318 inscribitur
1594 285 1612 308 (ι
1649 271 1765 326 Quis
1800 279 1867 318 est

130 345 336 396 Petrus?
370 349 477 395 Sive
513 347 666 409 qualis
700 348 834 395 Petri
869 350 1111 396 Primatus
1135 372 1153 394 »
1177 353 1460 397 Ratisbonae
1503 351 1620 397 1791
1663 365 1770 411 pag.
1805 352 1865 398 97

128 439 174 477 ct
222 444 380 489 seqq.:
432 430 763 490 Perculqatum
811 429 978 488 hodie,
1026 433 1123 487 ait,
1161 446 1215 478 ac
1252 438 1437 478 tantum
1471 447 1566 478 non
1599 431 1866 479 universale

126 511 252 557 inter
298 517 481 557 nostros
526 511 805 558 Canonistas
853 512 1051 558 aoeioma
1100 519 1199 570 est,
1243 512 1380 574 idque
1424 512 1591 575 oppido
1627 512 1791 575 fallax
1825 520 1869 560 et

124 593 424 654 aequivocum
441 611 456 637 .·
492 604 596 639 CUM
629 604 886 639 PRIMATUS
920 605 1146 639 PROPTER
1181 606 1446 640 UNITATEJI
1468 604 1740 642 ECCLESIAE
1761 606 1865 653 SIT,

126 686 283 720 NIHIL
328 685 602 720 PRIJIATEM
644 685 826 734 POSSE,
865 686 996 728 QUOD
1029 686 1092 720 AD
1128 687 1532 723 UNITATEMNON
1567 686 1649 722 SIT
1685 686 1871 722 NECES-

124 764 333 801 SARJUM.
383 755 482 801 Hoc
530 755 805 813 axiomate,
841 762 893 801 ut
928 754 1100 817 ajunt,
1139 753 1483 815 indubitabili,
1520 756 1868 818 certissimoque

122 841 358 897 assumpto
393 836 598 898 sequelas
632 835 741 883 inde
770 835 1007 898 plurimas
1040 835 1279 891 derivant,
1302 836 1432 898 queis
1468 843 1614 884 totam
1642 844 1869 899 quantam

122 917 292 964 summi
326 917 576 980 Pontificis
604 923 878 979 potestatem
911 924 996 963 aut
1029 917 1295 964 arctissime
1331 917 1634 976 contrahere,
1670 925 1755 965 aut
1783 933 1871 980 pe-

120 997 252 1044 nitus
286 1013 529 1059 enervare,
552 999 834 1061 irritamque
869 998 1021 1060 facere
1058 998 1341 1045 allaborant.
1380 1000 1492 1046 Cum
1527 1000 1651 1046 enim
1686 1014 1749 1046 eoe
1769 1015 1868 1046 una

114 1085 253 1140 parte
300 1080 429 1127 circa
474 1079 689 1140 doqmata
735 1078 847 1143 fidei
895 1094 1160 1141 morumque
1196 1081 1352 1141 Papae
1388 1080 1668 1127 sententiam
1703 1087 1868 1141 neqent

105 1140 213 1207 ¹gese
259 1159 598 1222 infallibilem,
649 1161 746 1207 nisi
776 1176 862 1223 per
896 1161 1215 1218 accedentem,
1255 1168 1299 1207 et
1334 1158 1519 1223 quidem
1551 1162 1866 1208 universalem

120 1243 455 1307 Episcoporum
503 1260 807 1301 consensum,·
860 1259 962 1291 cum
1010 1244 1203 1304 insuper
1252 1258 1316 1290 ex
1363 1244 1515 1290 altera
1559 1250 1697 1305 parte
1741 1244 1867 1291 nihil

117 1325 370 1372 concedant
391 1341 419 1371 a
443 1327 574 1387 Papa
609 1327 757 1372 statui
793 1332 835 1372 et
870 1324 1100 1385 imperari
1129 1339 1284 1385 posse,
1328 1324 1428 1370 nisi
1462 1323 1584 1386 quod
1619 1336 1868 1371 ABSOLUTE

117 1407 430 1453 necessarium
465 1406 528 1452 sit
562 1405 623 1452 ad
656 1405 1023 1452 conservandam
1045 1404 1278 1451 Ecclesiae
1301 1404 1589 1451 universalis
1612 1406 1864 1465 unitatem,

117 1486 178 1533 ad
211 1487 331 1534 hanc
365 1502 472 1534 ‘cero
507 1487 640 1533 nulla
675 1487 738 1533 sit
773 1485 1037 1533 necessaria
1074 1485 1154 1532 lem
1189 1486 1318 1533 circa
1351 1484 1676 1547 disciplinam,
1709 1494 1865 1549 utpote

116 1583 230 1630 quae
259 1584 348 1630 pro
383 1569 612 1616 varietate
646 1566 850 1615 locorum
884 1567 1024 1614 caria
1056 1582 1148 1614 esse
1178 1568 1328 1629 possit
1342 1583 1362 1623 ;
1400 1567 1866 1630 consequitur‘Pon-

115 1650 316 1713 tificiam
362 1650 712 1708 auctoritatem,
747 1656 844 1696 tam
879 1647 1030 1711 quoad
1063 1663 1137 1696 res
1172 1648 1283 1712 fidei
1318 1655 1360 1695 et
1397 1664 1610 1707 morum,
1647 1664 1785 1711 quam
1821 1657 1865 1697 et

115 1729 416 1792 disciplinae,
448 1747 534 1793 per
576 1747 621 1778 se
668 1731 822 1792 ipsam
864 1730 989 1777 nihil
1023 1729 1226 1791 amplius
1260 1728 1415 1776 valere
1433 1763 1448 1786 ,
1487 1728 1565 1776 sed
1599 1730 1700 1777 sine
1735 1731 1864 1777 omni

107 1815 214 1876 jam
250 1813 453 1878 efficacia
488 1830 602 1871 esse,
639 1815 942 1876 irritamque,
979 1828 1034 1860 ac
1069 1814 1265 1860 nullam.
1310 1814 1385 1858 Ita
1414 1800 1548 1875 jur-is
1583 1813 1863 1875 episcopalis

113 1902 457 1943 restauratores
491 1894 709 1943 hodierni
747 1892 829 1957 (si
864 1895 1060 1957 Superis
1090 1891 1284 1956 placet)
1323 1909 1506 1956 scopum
1551 1895 1861 1942 consiliorum

112 1993 300 2026 suorum
336 1979 548 2040 attiqisse
584 1979 676 2025 sibi
710 1977 953 2037 videntur,
977 1993 1229 2040 magnoque
1265 1977 1356 2024 sibi
1372 1977 1547 2039 plausu
1571 1976 1858 2040 acljitbilavit.

110 2060 199 2108 Sed
231 2060 461 2123 triumphi
494 2076 678 2122 paeana
713 2068 821 2106 ante
857 2061 1108 2107 victoriam
1142 2066 1335 2106 canunt.

175 2143 363 2189 Satisne
399 2142 518 2188 bona
554 2141 641 2205 fide
677 2141 747 2188 ‘cel
775 2141 985 2203 primum
1012 2142 1120 2204 Jam
1148 2140 1445 2202 principium
1476 2141 1678 2201 ponitur
1708 2141 1860 2188 verbis

109 2222 232 2269 hisce
253 2221 634 2270 indeterminatis
657 2229 700 2269 et
733 2223 1025 2284 aequivocis:
1062 2233 1324 2269 PRIMATUS
1358 2234 1450 2268 EST
1487 2233 1714 2267 PROPTER
1738 2235 1860 2268 UNI-

111 2299 318 2351 TATEM‘?
354 2305 538 2360 Quaero
574 2318 636 2351 ex
670 2304 808 2365 ipsis,
846 2319 985 2366 quam
1019 2305 1252 2350 unitatem
1286 2303 1576 2364 intelli‘qant‚
1613 2318 1676 2349 an
1711 2314 1858 2348 FTDEJ

111 2391 316 2444 tantum,
353 2401 416 2431 an
450 2384 680 2447 duplicem
715 2385 869 2444 illam,
907 2399 1023 2446 quae
1055 2400 1083 2430 a
1107 2384 1290 2431 Christo
1325 2385 1378 2430 in
1415 2399 1500 2430 sua
1536 2383 1744 2429 Ecclesia
1778 2383 1859 2430 in—

108 2467 276 2513 stituta
298 2474 384 2525 est,
409 2473 504 2513 tam
527 2479 693 2523 FIDEI,
717 2482 856 2529 quam
893 2474 936 2513 et
972 2478 1320 2513 OBEDIENTJAE
1355 2458 1625 2511 unitatem?
1661 2462 1715 2510 Si
1746 2463 1858 2524 pri-

109 2562 233 2594 mum
281 2547 401 2595 illud
449 2548 588 2595 tacite
635 2548 919 2606 intendant,
970 2564 1018 2594 eo
1066 2548 1166 2609 ipso
1212 2547 1468 2608 manifesta
1504 2547 1610 2607 jam
1647 2545 1856 2606 ipsorum

109 2627 305 2689 fallacia
341 2636 434 2676 est:
471 2629 683 2676 Christus
720 2631 844 2675 enim
880 2644 975 2676 non
1011 2630 1159 2675 solum
1195 2628 1397 2690 ejusdem
1434 2625 1561 2689 fidei,
1600 2624 1678 2672 secl
1712 2627 1854 2672 etiam

109 2709 314 2771 ejusdem
360 2710 646 2758 obedientiae
695 2726 827 2758 suam
873 2710 1024 2757 coluit
1070 2726 1163 2757 esse
1207 2709 1423 2756 dilectam
1459 2722 1675 2768 sponsam
1711 2707 1856 2754 unius

109 2790 239 2847 ciri,
276 2788 355 2836 seu
387 2807 534 2838 unum
569 2807 734 2854 corpus
770 2792 851 2838 sub
890 2807 984 2837 uno
1029 2792 1222 2852 Capite,
1270 2804 1415 2835 unum,
1462 2787 1580 2834 ovile
1630 2787 1713 2833 sub
1760 2804 1854 2835 uno

110 2872 321 2917 Pastore.
365 2872 421 2917 In
457 2873 603 2919 altero
640 2888 775 2935 eoque
811 2873 991 2932 inteqro
1027 2879 1211 2918 tantum
1248 2884 1384 2916 sensu
1419 2869 1608 2931 firmum
1642 2875 1736 2915 stat
1770 2869 1853 2916 lzoc

104 2952 428 3014 principium.-
469 2965 724 3000 PmMATUs
761 2967 788 2999 A
824 2964 1038 2999 clausio
1076 2962 1377 2998 msrwaras
1413 2962 1521 3005 EST,
1559 2963 1620 2996 cr
1657 2963 1756 2997 UNA
1795 2963 1853 2996 [Ν

1373 3039 1401 3086 5
