2114 3289
349 104 459 155 220
512 121 603 158 LIB.
627 121 696 158 111.
729 119 774 156 c.
796 118 831 155 1.
860 118 920 154 De
950 119 1164 156 reason.
1194 120 1333 159 ecci.
1367 121 1575 157 rores'r.
1607 120 1862 160 snsssecrls

261 228 604 278 Successorem
645 233 671 268 »
713 220 930 287 retulit,
974 238 1122 292 quem
1164 221 1318 275 lector
1361 223 1555 278 sciendi
1604 223 1824 295 cupidus,
1870 242 1985 278 con-

261 317 424 372 sulere
459 327 642 389 potest,
670 314 992 385 invenietque
1036 315 1287 386 aqitalam
1328 315 1464 371 inter
1508 318 1806 372 Canonistas
1831 335 1985 389 quae-

260 411 493 476 stionem,
537 409 601 462 sit
641 428 702 463 ne
733 409 845 476 hoc,
868 408 1016 482 jure,
1060 419 1117 463 ut
1159 419 1364 476 vocant,
1410 410 1587 466 divino
1628 430 1697 465 an
1739 412 1984 466 canonico

259 505 339 559 vel
378 502 608 557 naturali
650 503 1023 557 interdictum:
1067 521 1220 574 qitam
1264 503 1418 558 etiam
1461 506 1854 560 controversiam
1893 506 1983 559 do-

260 597 474 652 ctissime
518 614 657 651 more
699 615 788 651 suo
832 598 1079 670 expendit
1123 601 1346 671 Prosper
1389 602 1667 669 Faqnanus
1694 600 1751 654 in
1789 604 1821 653 2
1842 609 1981 673 part.

253 691 418 764 pri-mi
459 690 715 748 Decrelal.
761 710 870 766 cap.
917 693 1216 766 Accepimus
1259 693 1320 747 de
1356 693 1523 765 pactis
1564 711 1705 749 num.
1755 697 1842 750 16.

1027 890 1072 968 §.
1128 900 1219 953 59.

762 1083 834 1128 DE
874 1082 1047 1130 REGIA
1083 1084 1488 1131 NOMINATlONE

347 1258 460 1314 Jam
523 1260 785 1330 diximus,
840 1273 987 1334 atque
1029 1263 1181 1316 etiam
1225 1263 1532 1332 argumentis
1576 1261 1985 1317 confirmavimus

268 1372 365 1408 non
422 1356 530 1425 jure
592 1355 801 1425 divino,
853 1355 939 1410 sed
983 1356 1331 1411 tantummodo
1374 1355 1686 1426 indulgentia
1730 1354 1985 1410 Ecclesiae

268 1446 453 1503 factitm
489 1468 616 1518 esse,
646 1462 695 1504 ut
738 1450 859 1505 olim
903 1449 1206 1504 christianus
1251 1449 1463 1524 populns
1508 1450 1571 1504 ad
1616 1449 1984 1523 Episcopornrn

266 1541 530 1598 electiones
574 1545 895 1617 reciperetur,
938 1555 983 1598 et
1025 1543 1236 1617 proinde
1280 1563 1392 1598 cum
1433 1545 1513 1614 jus
1557 1543 1682 1598 illud
1727 1561 1984 1616 nunqnam

267 1639 523 1707 extiterit,
585 1657 741 1711 neque
799 1640 950 1693 etiam
1011 1640 1062 1692 in
1122 1637 1357 1694 Summos
1409 1637 1674 1712 Principes
1725 1637 1988 1693 transferri

273 1733 450 1804 potnit.
513 1730 760 1788 Nonnulli
803 1734 971 1806 itaque
1015 1730 1319 1788 Canonistae
1362 1734 1516 1788 aliam
1561 1734 1694 1787 viam
1735 1734 1988 1800 inierunt,

269 1837 319 1878 ut
376 1827 456 1897 jus
517 1826 794 1901 Episcopos
845 1827 1063 1898 eligendi
1110 1827 1184 1881 vel
1229 1827 1526 1882 nominandi
1572 1825 1795 1883 Summis
1838 1824 1989 1881 Prin-

267 1920 462 1993 cipibus
523 1921 850 1990 adsererent,
901 1934 1048 1995 atque
1101 1922 1351 1976 affirmare
1394 1941 1492 1976 non
1536 1921 1866 1990 dubitarunt,
1907 1922 1988 1991 jus

269 2018 432 2090 ipsum
483 2019 534 2071 in
573 2017 699 2090 jure
743 2018 1092 2092 majestaliw,
1137 2020 1241 2073 sive
1284 2019 1334 2074 in
1379 2037 1575 2074 summo
1619 2019 1830 2091 imperio
1874 2035 1991 2072 con-

269 2112 433 2165 tineri.
496 2108 683 2165 Verum
745 2114 865 2167 haec
926 2114 1097 2186 opinio
1158 2114 1341 2167 mirum
1406 2124 1647 2184 qnantum
1699 2132 1727 2166 a
1782 2113 1990 2166 veritate

269 2204 537 2278 discrepat.
584 2204 775 2262 Electio
818 2208 949 2261 enim
993 2206 1363 2280 Episcoporum
1405 2218 1479 2260 est
1520 2225 1636 2280 pars
1665 2205 1989 2260 ecclesiastici

268 2299 564 2367 regiminis,
608 2299 742 2371 quod
786 2300 996 2372 proinde
1056 2300 1120 2354 ad
1183 2298 1463 2355 Ecclesiam
1521 2301 1748 2374 pertinet.
1809 2296 1986 2371 Neque

270 2413 384 2448 vero
445 2394 591 2448 civile
652 2396 918 2467 imperium
981 2397 1149 2451 omnia
1200 2407 1361 2469 potest
1404 2395 1516 2450 ideo
1560 2394 1696 2467 qnod
1738 2412 1987 2449 summum

268 2500 375 2542 est:
439 2499 541 2542 tum
602 2490 733 2543 enim
794 2489 995 2557 civilis,
1048 2501 1151 2543 tum
1194 2491 1345 2543 etiam
1387 2489 1726 2543 ecclesiastica
1768 2499 1985 2560 potestas

268 2601 463 2636 summa
507 2595 600 2650 est,
628 2594 835 2654 utraque
879 2594 1042 2636 tamen
1087 2585 1137 2636 in
1178 2601 1355 2653 genere
1398 2602 1525 2652 suo,
1569 2593 1615 2636 et
1657 2580 1983 2654 quemadmo-

268 2676 386 2729 dum
449 2677 673 2730 civilium
726 2675 1116 2747 Magistratuum
1167 2676 1510 2746 eligendorum
1555 2686 1846 2749 potestatem
1892 2674 1987 2730 Ec-

267 2769 417 2824 clesia
460 2788 557 2822 non
601 2770 771 2838 babet,
807 2772 878 2824 sic
921 2771 1070 2825 etiam
1114 2768 1437 2841 Principibus
1482 2771 1623 2824 laicis
1667 2768 1859 2822 nullum
1901 2769 1980 2838 jus

267 2876 337 2918 est
379 2863 712 2935 Magistratus
755 2866 1117 2922 ecclesiasticos
1162 2867 1265 2919 sive
1307 2861 1584 2938 Episcopos
1623 2858 1859 2935 eligendi.
