2114 3289
345 115 412 165 76
460 129 553 166 LIB.
576 129 627 166 11.
649 128 694 165 C.
726 128 759 163 1.
790 126 850 161 DE
877 126 926 161 R.
958 124 1221 164 PONTIFICE
1249 125 1419 169 EJUSQ.
1442 125 1781 162 ADJUTORIBUS

1027 289 1074 366 g,
1123 296 1216 351 23.

505 480 509 483 ,
586 443 660 489 ΒΕ
697 443 838 489 JURE
876 443 1095 489 TUENDI
1129 443 1351 489 SACROS
1386 444 1657 491 CANONES

339 609 419 663 Ex
460 626 579 662 cura
623 608 775 661 totius
817 603 1076 662 Ecclesiae
1118 603 1272 661 Petro
1325 606 1534 679 ejusque
1595 604 1984 662 Successoribus

260 701 546 758 concredita
589 701 751 756 oritur
794 701 1014 756 officium
1058 711 1104 755 et
1145 701 1225 771 jus
1270 700 1467 755 naviter
1509 700 1741 771 curandi,
1774 712 1828 756 ut
1853 701 1988 759 sacri

260 793 476 853 canones
538 797 603 853 ab
646 795 881 853 omnibus
927 796 1275 853 observentur.
1320 794 1454 852 Hinc
1505 793 1801 853 Bonifacius
1844 794 1870 851 I
1910 815 1990 871 ep.

261 895 294 946 5
340 890 405 946 ad
443 890 624 952 Hilar.
687 890 879 947 Arelat.
941 892 1030 947 ait:
1101 890 1366 960 Convenit,
1425 893 1599 963 Papas
1648 885 1993 963 paternarum

259 986 584 1040 sanctionum
611 985 884 1057 diliqences
910 1002 1010 1040 esse
1037 985 1282 1042 custodes
1310 983 1561 1041 Romanis
1588 984 1793 1059 quidem
1817 983 1995 1041 Ponti·

261 1080 439 1136 ficibus
484 1093 720 1156 perpetuo
765 1099 991 1136 summae
1034 1080 1175 1136 laudi
1220 1080 1396 1136 datum
1438 1091 1532 1151 est,
1583 1079 1720 1154 quod
1780 1080 1993 1135 sanctis-

262 1176 417 1231 simas
470 1174 682 1231 Patrum
725 1176 925 1248 regulas
986 1186 1034 1230 et
1092 1176 1191 1250 ipsi
1251 1174 1495 1231 coluerint
1553 1192 1892 1249 summopere,
1945 1184 1994 1229 et

266 1269 331 1324 ab
374 1270 608 1325 omuibus
652 1269 928 1325 servandas
973 1269 1363 1341 diligentissime
1405 1269 1709 1326 curaverint.

345 1362 477 1420 Huic
502 1366 603 1435 juri
632 1365 866 1420 cohaeret
891 1366 970 1436 jus
999 1363 1434 1420 animadvertendi
1461 1365 1513 1418 in
1551 1382 1657 1434 eos,
1693 1364 1780 1437 qui
1817 1374 1991 1420 contra

262 1458 488 1516 fecerint.
518 1457 645 1515 Sunt
688 1460 821 1514 enim
848 1456 1072 1514 Romani
1099 1457 1396 1528 PontificeS‚
1424 1477 1523 1514 non
1552 1457 1704 1515 modo
1731 1476 1992 1515 sacrorum

263 1573 511 1609 canonum
557 1552 810 1622 cristodeS‚
854 1553 942 1608 sed
985 1553 1137 1607 etiam
1181 1551 1425 1611 vindices,
1471 1551 1613 1621 Quid
1657 1553 1898 1608 nimirum
1931 1570 1989 1607 ea

263 1667 383 1702 cura
428 1647 690 1721 prodesset
732 1648 839 1702 sine
884 1648 932 1702 vi
959 1645 1024 1701 ad
1051 1646 1382 1702 coercendum
1415 1643 1630 1703 idonea?
1666 1645 1993 1720 Quapropter

263 1740 576 1797 Caelestinus
621 1739 644 1794 I
687 1743 738 1796 in
798 1743 944 1815 epist.
1006 1740 1071 1796 ad
1131 1739 1413 1815 Episcopos
1474 1761 1563 1816 per
1621 1738 1883 1815 Apuliam,
1942 1750 1991 1795 et

264 1836 579 1893 Calabriam:
622 1837 887 1908 Quisquis.
916 1838 1099 1910 inquit,
1125 1847 1336 1891 concitus
1374 1836 1534 1909 fuerit
1577 1847 1773 1892 tentare
1809 1835 1992 1908 prohi-

263 1931 393 1998 bita,
417 1932 601 1986 sentiat
627 1950 895 1986 censurium
923 1931 1242 2004 Apostolicae
1271 1932 1420 1988 Sedis
1440 1932 1653 1986 minime
1673 1931 1988 2004 defuturam.

264 2027 407 2089 Quae
452 2026 590 2080 enim
632 2026 741 2080 sola
782 2026 1155 2080 admonitionis
1198 2026 1503 2081 auctoritate
1529 2044 1633 2079 non
1658 2025 1990 2097 corrigimuS,

265 2137 458 2174 necesse
486 2130 554 2174 est
574 2139 669 2192 per
700 2121 1018 2175 severitatem
1043 2132 1406 2192 congruentem
1431 2120 1623 2193 regulis
1655 2120 1991 2177 vindicemus·

268 2212 333 2269 Et
394 2212 497 2270 Leo
540 2213 759 2285 Magnus
803 2217 854 2271 in
898 2217 1044 2289 epist.
1090 2215 1154 2271 ad
1197 2213 1478 2290 Episcopos
1521 2235 1610 2290 per
1635 2212 1991 2290 Campaniam,

268 2306 533 2379 Picenum,
559 2321 607 2363 et
639 2307 882 2364 Tusciam
916 2310 1040 2364 haec
1066 2310 1236 2365 habet:
1271 2310 1463 2365 Omnia
1496 2308 1778 2365 decretalia
1809 2307 1992 2363 consti-

267 2414 379 2456 tuta
428 2414 534 2456 tam
592 2403 766 2457 beatae
826 2403 1105 2457 memoriae
1166 2403 1484 2471 Imzocentii,
1545 2422 1702 2476 quam
1759 2402 1992 2457 omnium

269 2500 602 2551 Decessorum
643 2507 961 2565 nostrorum,
1004 2515 1133 2568 quac
1177 2498 1240 2553 de
1293 2498 1641 2553 ecclesiasticis
1700 2496 1992 2566 ordinibus,

271 2603 314 2645 cl
358 2611 612 2645 canonum
662 2591 996 2664 promulqata
1054 2602 1171 2646 sunt
1230 2592 1543 2665 disciplinis)
1602 2593 1679 2647 ita
1736 2609 1768 2646 a
1826 2601 1993 2645 vestra

271 2685 542 2741 dilectione
587 2686 838 2741 custodiri
881 2686 1059 2741 debere
1103 2686 1434 2764 mandamus?
1478 2698 1533 2742 ut
1576 2687 1618 2741 si
1660 2685 1773 2757 quis
1815 2685 1873 2740 in
1897 2684 1994 2739 illa

270 2781 602 2853 conimiserit,
643 2781 847 2835 veniam
889 2780 985 2835 sibi
1027 2780 1264 2852 deinceps
1305 2781 1505 2835 noverit
1557 2779 1822 2851 denegari.
1858 2779 1992 2849 Quis

274 2893 388 2930 vcro
431 2876 631 2946 ignorat
673 2896 749 2945 ea,
793 2895 921 2949 quae
954 2887 1125 2931 contra
1169 2872 1707 2945 Quarto-decimanos,
1749 2872 1994 2947 Rebapti-
