2114 3289
356 91 466 141 :212
511 107 603 141 ue.
630 105 699 139 111.
729 105 773 139 c.
802 103 835 137 1.
867 102 926 136 oe
958 99 1172 135 reason.
1203 100 1341 135 ECGL.
1375 100 1582 135 ro‘rsss‘r.
1612 99 1866 137 SUBJECTIS

345 208 610 265 Praeterea
653 207 695 261 si
736 206 816 274 jus
859 201 987 258 illud
1049 201 1278 256 divinum
1338 204 1603 273 extitisset,
1635 203 1781 258 initio
1808 203 1986 258 saltem

266 302 543 370 Ecclesiae,
587 300 650 355 ab
711 294 969 371 Apostolis
1031 294 1270 368 Virisque
1329 293 1634 370 Apostolicis
1695 281 1891 370 semper
1941 306 1988 350 et

264 398 446 471 ubique
489 404 739 450 servatum
784 400 929 446 esset.
974 387 1041 444 At
1098 407 1347 463 nusquam
1406 390 1620 461 legimus
1684 388 1891 445 Petrum
1940 401 1988 444 et

263 490 499 558 Paulum,
542 499 588 542 et
631 487 854 558 reliquos
896 481 1167 559 Apostolos
1211 485 1264 539 in
1306 485 1666 540 constituendis
1717 483 1984 559 Episcopis

260 583 500 659 populum
543 580 856 636 adhibuisse.
912 577 969 632 In
1029 575 1257 634 Ecclesia
1315 574 1661 633 Alexandrina
1714 599 1743 633 a
1803 576 1982 634 Marco

264 695 418 750 usque
461 674 525 730 ad
569 673 841 730 Heraclam
883 684 931 729 et
973 671 1276 744 Dionysium
1319 670 1598 746 Episcopos
1658 692 1830 729 sacrae
1890 672 1987 727 ele-

261 773 451 827 ctiones
496 791 525 826 a
569 767 717 825 Clero
760 768 920 824 factae
945 779 1059 824 sunt
1084 768 1190 823 sine
1218 767 1320 822 ullo
1350 765 1593 837 suffragio
1636 778 1683 822 et
1734 767 1987 822 consortio

265 867 446 941 plebis3
477 864 629 939 quod
651 864 854 938 scripsit
889 860 943 920 S.
974 861 1315 933 Hieronymus
1349 880 1427 935 ep.
1463 863 1571 915 146
1601 860 1666 916 ad
1692 859 1987 931 Evagrium:

262 963 399 1016 Nam
443 971 488 1014 et
530 957 915 1025 Alexandriae,
960 957 1163 1030 iniquit,
1189 974 1222 1010 a
1266 958 1447 1013 Marco
1473 954 1802 1027 Evanqelista
1829 972 1984 1027 usque

260 1057 331 1112 acl
373 1055 655 1111 Heraclam
698 1065 743 1109 et
785 1052 1099 1124 Dionysium
1141 1052 1437 1125 EpiscopOS,
1464 1051 1757 1123 Presbyteri
1791 1068 1986 1122 semper

264 1170 425 1207 mium
468 1171 500 1206 a
542 1168 589 1205 se
634 1149 868 1215 electum,
911 1148 970 1202 in
1012 1146 1285 1202 eoecelsiori
1326 1147 1497 1219 yradu
1544 1144 1994 1217 collocatumEpi-

264 1265 469 1320 scopum.
510 1244 864 1300 nominabant.
911 1241 996 1298 Sic
1040 1244 1193 1297 etiam
1235 1261 1297 1297 ex
1348 1241 1577 1298 Historia
1637 1239 1993 1296 Ecclesiastica

263 1343 419 1415 liquet
460 1342 512 1395 in
555 1340 809 1413 aliquibus
836 1337 1076 1393 Ecclesiis
1120 1337 1372 1392 interdum
1419 1337 1749 1392 christianam
1793 1335 1991 1409 plebem

262 1436 327 1492 ad
371 1454 541 1491 sacras
584 1433 847 1489 electiones
892 1443 1163 1506 receptam,
1208 1431 1459 1486 interdum
1503 1449 1700 1504 quoque
1755 1430 1991 1500 rejectam

265 1532 436 1587 fuisse.
485 1529 646 1601 Igitur
689 1546 867 1583 munus
911 1525 1104 1581 ferendi
1147 1525 1377 1596 suffragii
1423 1525 1499 1580 vel
1526 1525 1820 1593 testimonii,
1855 1522 1991 1597 quod

267 1624 541 1699 aliquando
604 1624 753 1679 totius
815 1620 988 1695 populi
1049 1621 1310 1694 proprium
1370 1619 1465 1674 fuit
1524 1619 1698 1674 divino
1757 1619 1867 1689 jure
1927 1617 1993 1672 ad

266 1720 497 1776 eumdem
541 1717 780 1792 populum
824 1735 921 1772 non
965 1714 1265 1788 pertinebat,
1308 1714 1459 1786 idque
1502 1713 1698 1768 duabus
1742 1713 1993 1768 distinctis

267 1812 701 1889 propositionibus
744 1812 942 1882 egregie
969 1810 1279 1864 demonstrat
1305 1806 1508 1864 Natalis
1540 1807 1830 1864 Alexander
1856 1805 1991 1862 Hist.

270 1910 389 1965 eccl.
438 1927 567 1963 saec.
616 1905 636 1960 I
682 1905 883 1961 dissert.
918 1909 970 1960 8.
1016 1902 1137 1960 Sola
1180 1903 1391 1978 proinde
1443 1905 1762 1959 concessione
1814 1914 1860 1956 et
1918 1902 1996 1955 in-

269 2004 527 2075 dulgentia
570 1999 825 2056 Ecclesiae
868 1998 1163 2070 suffragium
1192 2011 1238 2054 et
1266 2000 1606 2054 testimonium
1641 1998 1814 2071 populi
1848 1995 1994 2051 adhi-

271 2100 431 2154 bitum
477 2109 569 2165 est,
616 2108 718 2150 tum
761 2107 813 2149 ut
867 2096 1045 2168 optimi
1097 2095 1282 2167 quique
1331 2105 1378 2148 et
1423 2093 1572 2163 vulgo
1617 2091 1816 2166 probati
1852 2089 1997 2145 Anti-

267 2195 405 2248 stites
446 2192 763 2261 eligerentur,
817 2208 915 2261 quo
977 2201 1164 2263 spectat
1225 2187 1350 2243 illud
1412 2185 1659 2262 Cypriani
1702 2188 1847 2260 epist.
1898 2189 1991 2239 68:

264 2287 543 2360 Episcopus
602 2284 883 2355 deliqatur,
931 2284 1077 2356 plebe
1130 2293 1420 2355 praesente,
1483 2300 1612 2354 quae
1672 2279 1994 2353 sinqulorian

265 2383 394 2438 vitia
428 2379 723 2454 plenissime
776 2380 937 2445 norit,
982 2390 1027 2434 et
1087 2378 1493 2452 uniuscujusque
1554 2387 1723 2431 actum
1767 2377 1828 2430 cle
1882 2374 1997 2449 ejus

266 2476 643 2532 conversatione
679 2474 979 2548 perspexit:
1026 2486 1129 2529 tum
1158 2475 1395 2529 etiamne
1438 2473 1596 2528 invito
1633 2470 1817 2546 populo
1853 2469 1997 2525 dare-

267 2588 347 2631 tur
406 2574 723 2648 EpiscopuS,:
786 2571 948 2628 Nulla
1005 2572 1141 2625 ratio
1210 2571 1355 2637 sinit,
1416 2581 1473 2624 ut
1533 2570 1670 2624 inter
1720 2567 1994 2639 Episcopos

267 2670 570 2737 habeantur,
614 2668 702 2739 qui
745 2686 834 2722 nec
876 2686 908 2721 a
951 2665 1161 2723 Clericis
1204 2676 1318 2718 sant
1363 2664 1527 2731 electi,
1571 2682 1661 2718 nec
1703 2680 1735 2717 a
1764 2661 1997 2735 plebibus

268 2776 382 2817 sunt
441 2762 678 2835 eoepetiti,
764 2775 816 2817 ut
877 2763 946 2819 ait
1005 2760 1058 2818 S.
1123 2758 1224 2817 Leo
1285 2757 1503 2831 Magnus
1564 2760 1708 2832 epist.
1759 2759 1865 2812 167
1927 2754 1992 2812 ad

270 2856 531 2914 Rusticum
577 2877 685 2932 cap.
738 2858 788 2914 1.
