2114 3289
446 99 490 176 §-
521 122 638 163 Lvn„
667 121 727 156 DE
755 120 949 158 cLssmc.
982 119 1211 163 EORUMQ.
1241 117 1551 154 IMMUNITATE
1663 100 1772 152 205

125 229 282 283 sacris
326 224 621 292 canoffihm,
665 224 751 296 qui
793 235 906 278 sunt
932 222 993 277 de
1022 223 1122 277 vita
1146 233 1193 276 et
1217 222 1476 276 honestate
1513 216 1847 287 Clericorum,

126 321 285 394 deque
335 318 540 390 reliquis
593 335 765 372 eorum
827 317 1005 371 officiis
1059 315 1331 370 constituti.
1395 311 1551 381 Quod
1612 330 1728 366 vero
1789 311 1855 366 ad

128 415 261 484 leges
305 411 476 467 civiles
521 412 713 479 attinet,
767 408 1106 464 Bellarminus
1150 407 1211 462 de
1254 405 1465 463 Clericis
1510 405 1599 462 lib.
1667 407 1691 458 1
1742 424 1853 479 cap.

131 510 223 562 28:
276 506 393 560 Non
452 515 596 571 sunt,
657 505 856 576 inquit,
899 501 1126 574 exempti
1188 500 1363 555 clerici
1424 501 1486 554 ab
1546 498 1857 570 obliqatione

128 601 297 671 lequm
339 597 594 665 civilium,
639 615 767 669 quae
810 614 914 650 non
955 605 1245 668 repuqnant
1288 595 1445 648 sacris
1479 593 1758 647 canonibus
1782 592 1860 647 vel

130 693 291 766 officio
334 692 564 747 clericali
579 735 694 748 ......
709 692 845 746 Nam
887 689 1084 756 clerici,
1127 687 1634 762 praeterquamquod
1686 686 1859 741 clerici

128 798 266 854 sunt)
294 797 410 841 sunt
438 787 591 841 etiam
618 786 748 840 cives
778 795 823 839 et
842 794 1017 857 partes
1043 784 1298 855 quaedam
1331 781 1645 855 reipublicae
1682 780 1862 854 politi-

123 901 226 938 cae.
258 881 430 952 Iqitur
472 891 527 934 ut
569 880 694 934 tales
718 879 886 933 vivere
916 878 1094 933 debent
1121 877 1357 931 civilibus
1383 876 1692 948 leqibuS.....
1732 874 1861 928 alio-

124 976 250 1047 quin
275 994 463 1047 maqna
497 973 823 1047 perturbatio
867 984 910 1027 et
937 973 1165 1045 confusio
1190 973 1248 1026 in
1273 971 1501 1025 Ecclesia
1527 970 1790 1036 oriretur,
1818 969 1860 1023 si

127 1073 304 1127 clerici
347 1091 450 1125 non,
491 1081 752 1126 servarent
795 1069 969 1124 civiles
1010 1069 1141 1141 leqes
1182 1069 1239 1123 in
1275 1066 1592 1122 commerciis
1627 1066 1862 1120 civilibus

127 1179 171 1221 et
213 1166 469 1222 liumaniS.
515 1165 751 1222 Secundo
787 1164 1041 1236 probatur
1084 1182 1152 1218 ea:
1195 1163 1502 1235 confessione
1550 1160 1862 1234 Pontificum

132 1273 176 1315 et
221 1265 622 1333 Imperatorum.
669 1259 914 1313 Nioolaus
962 1258 1170 1312 Primus
1211 1257 1269 1310 in
1313 1256 1525 1328 epistola
1566 1256 1635 1309 ad
1663 1254 1863 1310 Micha-

127 1354 251 1409 elem
290 1373 451 1426 prope
489 1355 646 1427 finem
689 1353 839 1419 dicitj
869 1356 1036 1406 Deum
1064 1350 1294 1405 divisisse
1322 1349 1653 1423 Pontificiam
1689 1360 1863 1402 aucto-

135 1450 341 1503 ritatem
382 1449 445 1502 ab
495 1447 783 1519 imperiali)
828 1457 883 1499 ut
944 1457 989 1500 et
1031 1445 1302 1499 christiani
1364 1448 1712 1517 Imperatores
1764 1460 1864 1514 pro

123 1553 333 1597 aeterna
381 1541 488 1596 vita
548 1540 883 1615 Pontificibus
944 1540 1267 1612 indiqerent,
1330 1550 1373 1593 et
1434 1537 1707 1611 Pontifices
1757 1555 1859 1609 pro

125 1654 276 1691 cursu
317 1636 682 1709 temporalium
723 1634 1079 1689 tantummodo
1122 1651 1298 1688 rerum
1341 1632 1698 1705 imperialibus
1733 1631 1858 1702 leqi-

125 1731 214 1785 bus
255 1741 548 1786 uterentur.
596 1734 890 1801 Imperator
959 1727 1349 1784 Valentinianus
1408 1727 1465 1781 in
1525 1725 1737 1799 epistola
1785 1725 1857 1778 ad

123 1825 398 1898 Episcopos
441 1824 616 1891 Asiae,
660 1841 813 1894 quam
855 1822 1012 1895 refert
1041 1822 1385 1877 Theodoram
1420 1821 1478 1875 in
1504 1821 1592 1877 lib.
1631 1825 1666 1875 I
1677 1826 1715 1877 V
1736 1819 1851 1876 hist.

125 1938 235 1992 cap.
285 1924 315 1974 8
360 1919 558 1974 scribit:
601 1929 627 1964 >)
671 1918 864 1972 Probos
908 1917 1181 1990 Episcopos
1222 1935 1326 1970 non
1378 1916 1540 1969 solum
1601 1916 1725 1982 Dei,
1769 1914 1856 1968 sed

126 2014 280 2068 etiam
323 2015 523 2085 Requ--m
565 2012 758 2084 leqibus
801 2011 1147 2084 obtemperare
1191 2021 1243 2066 >).
1290 2010 1525 2081 Denique
1553 2013 1607 2066 S.
1633 2011 1857 2063 Joannes

126 2109 506 2180 Cltrysostomus
534 2108 592 2162 in
619 2125 729 2179 cap.
780 2109 848 2162 13
894 2106 966 2160 ad
1009 2108 1160 2163 Rom.
1207 2105 1356 2160 dicit:
1400 2127 1426 2161 ((
1470 2103 1658 2160 Christi
1685 2105 1856 2158 Evan-

124 2203 258 2274 qelio
300 2221 404 2256 non
444 2201 557 2256 tolli
593 2201 834 2274 politicas
875 2200 1028 2272 lequ,
1073 2211 1119 2254 et
1161 2200 1279 2254 ideo
1322 2200 1501 2254 debere
1555 2198 1711 2254 etiam
1763 2202 1856 2254 Sa-

126 2297 350 2352 cerdotes
394 2307 438 2351 et
481 2295 758 2352 Monachos
802 2295 872 2349 eis
907 2312 1095 2367 parere
1140 2305 1184 2350 >).

207 2391 345 2447 Haec
390 2402 554 2445 autem
581 2392 749 2446 omnia
778 2388 1119 2444 Bellarminus
1147 2388 1322 2445 eodem
1353 2388 1465 2444 loco
1501 2389 1570 2443 ita
1598 2387 1816 2460 explicat
1840 2406 1852 2441 :

125 2488 229 2540 Nec
264 2485 495 2539 volumus
538 2485 708 2539 dicere
752 2483 830 2538 liis
861 2483 1053 2554 leqibus
1094 2483 1259 2538 teneri
1287 2483 1506 2539 Clericos
1546 2481 1856 2552 obligatione

127 2582 375 2649 coactiva>
419 2582 507 2636 sed
540 2581 705 2634 solum
748 2580 1016 2636 directiva.
1063 2578 1265 2647 Quibus
1311 2579 1476 2635 verbis
1520 2577 1854 2649 significatur,

130 2676 352 2733 Clericos
398 2697 496 2733 non
540 2697 686 2752 posse
738 2678 910 2733 civiles
955 2678 1089 2748 leges
1133 2678 1336 2750 impune
1380 2675 1674 2748 despicere3
1718 2686 1767 2744 at
1810 2676 1853 2729 si

130 2771 432 2844 deliquerint
475 2792 572 2829 non
618 2783 649 2829 ἃ
706 2774 856 2843 laicog,
900 2773 988 2830 sed
1034 2772 1097 2828 ab
1156 2771 1493 2828 ecclesiastico
1553 2769 1720 2841 judice
1766 2789 1852 2843 pu-

131 2866 338 2923 niendos
385 2887 506 2924 esse.
