2114 3289
335 134 446 185 162
675 151 766 186 Lm.
812 149 863 184 11.
912 149 1028 184 CAP.
1072 148 1123 183 11.
1171 148 1231 183 DE
1276 148 1537 184 EPlscoms

249 274 365 310 vero
409 253 592 309 falsum
620 264 712 319 est,
757 252 808 304 in
834 247 1161 323 Apostolatus
1205 261 1500 323 potestatem
1539 249 1819 324 Episcopos
1864 268 1976 305 suc-

248 349 442 418 cedere,
484 346 619 420 quod
663 344 801 399 sacili
845 345 1045 413 negotio
1090 343 1569 400 demonstrabimus

228 511 231 516 .
328 440 557 516 Apostoli
600 450 798 513 praeter
840 438 1122 507 singularia
1167 436 1416 510 quaedam
1444 437 1576 492 dona
1618 450 1975 512 supernatura-

248 537 396 604 ralia,
441 534 591 589 veluti
636 532 1020 600 miraculorum,
1071 532 1382 602 linguarum,
1432 532 1745 605 prophetiae,
1788 532 1979 588 infalli-

247 630 481 697 bilitatis,
524 639 571 681 et
597 627 807 696 similia,
845 625 1028 698 quibus
1066 626 1360 680 missionem
1395 644 1538 680 suam
1573 627 1978 700 comprobarent,

251 722 569 796 amplissima
612 723 764 776 etiam
809 732 1051 794 potestate
1079 739 1107 774 a
1133 716 1340 774 Christo
1371 717 1545 774 donati
1572 718 1788 789 fuerunt,
1826 737 1979 793 quam

253 815 460 889 quidem
504 827 799 889 potestatem
843 815 895 868 in
922 826 1021 869 tres
1067 814 1218 868 veluti
1261 824 1427 887 partes
1462 832 1549 868 seu
1591 814 1800 887 species,
1843 831 1981 868 nem-

250 929 310 984 pe
353 912 405 965 in
454 921 750 984 potestatem
810 908 1157 980 ApostolatuS,
1219 906 1511 963 Sacerdotii
1553 918 1600 961 et
1647 907 1981 978 Episcopatus

253 1005 433 1078 partiri
477 1015 523 1058 et
566 1003 795 1059 dividere
837 1015 969 1059 recte
1011 1022 1296 1077 possumus,

331 1098 415 1152 Aa
457 1097 813 1170 Apostolatum
855 1099 1068 1172 pertinet
1111 1109 1351 1172 potestas,
1395 1098 1502 1151 sine
1544 1096 1643 1151 loci
1698 1095 1848 1151 ullius
1897 1107 1982 1151 aut

251 1194 412 1265 gentis
473 1194 785 1266 exceptione,
853 1192 1005 1246 fidem
1067 1192 1252 1266 ubique
1311 1190 1663 1265 praedicandi,
1725 1188 1980 1245 Ecclesias

254 1287 523 1357 fundandi,
567 1287 847 1360 Episcopos
891 1286 1211 1355 costituendi,
1238 1298 1341 1340 tum
1369 1284 1636 1360 Episcopis
1664 1304 1691 1339 a
1719 1303 1771 1339 se
1796 1285 1981 1340 consti-

255 1385 393 1453 tutis,
439 1395 542 1438 tum
602 1401 776 1438 eorum
837 1381 1054 1437 subditis
1116 1382 1336 1452 regulaS,
1370 1368 1684 1456 praecepta,
1747 1381 1983 1453 legesque

257 1477 658 1553 praescribendi,
701 1489 747 1532 et
789 1488 953 1532 cetera
996 1477 1103 1546 ejus
1145 1479 1341 1547 generis
1386 1476 1587 1547 agendi.
1632 1473 1772 1530 Haec
1816 1487 1982 1530 autem

256 1585 475 1647 potestas
519 1570 845 1645 Apostolatus
889 1570 1296 1626 extraordinaria
1322 1569 1437 1640 fuit,
1464 1582 1509 1625 et
1536 1569 1728 1624 idcirco
1755 1568 1979 1624 fundatis

258 1667 605 1739 ordinatisque
648 1663 911 1733 EcclesiiS,
955 1676 1213 1737 tamquam
1273 1665 1520 1738 completo
1572 1682 1719 1736 opere
1777 1674 1982 1736 propter

258 1760 394 1835 quod
439 1778 675 1815 concessa
719 1758 900 1827 fuerat,
927 1777 1040 1813 cum
1068 1756 1325 1831 Apostolis
1354 1759 1561 1814 interiit.
1592 1756 1739 1811 Petri
1763 1755 1983 1829 privile-

261 1855 424 1928 9ium,
453 1855 522 1909 ait
547 1853 621 1908 De
664 1851 841 1908 Marca
885 1853 937 1907 in
982 1864 1195 1907 tractatu
1221 1851 1282 1906 de
1309 1851 1556 1922 singulari
1582 1849 1815 1906 Primatu
1843 1849 1986 1906 Petri

259 1970 369 2024 cap.
403 1953 456 2018 8,
483 1948 621 2003 reale
646 1948 747 2020 fait
772 1948 830 2001 in
873 1946 1128 2001 Ecclesiae
1165 1956 1475 2018 perpetuum
1510 1945 1854 2012 commodum,
1882 1962 1986 1998 uon

258 2055 431 2099 autem
466 2044 760 2116 personale,
805 2042 957 2116 cujus
998 2042 1198 2114 generis
1242 2053 1352 2095 erat
1394 2041 1714 2112 reliquorum
1774 2042 1985 2112 Aposto-

261 2139 431 2192 lorum
476 2139 721 2209 diqizitas.
767 2138 842 2191 Hi
901 2155 1121 2208 namque
1181 2137 1434 2190 Ecclesias
1468 2154 1566 2208 per
1623 2135 1798 2190 carias
1848 2133 1986 2188 orbis

252 2233 550 2306 provincias
592 2232 935 2299 instituente&
962 2232 1189 2303 sinqulas
1213 2231 1316 2285 suis
1336 2231 1525 2305 finibus
1556 2229 1985 2302 circumscriptaS,

260 2327 525 2400 Episcopis
558 2326 791 2399 propriis
832 2327 1083 2397 regendas
1125 2326 1524 2392 committebant,
1562 2325 1730 2395 sicque
1774 2340 1985 2378 munere

260 2441 292 2477 a
335 2422 533 2477 Christo
575 2421 670 2475 sibi
713 2420 882 2474 delato
923 2421 1285 2492 fit-nqebantur.
1330 2419 1393 2475 Et
1444 2418 1648 2476 Natalis
1699 2416 1987 2473 Alexander

262 2517 462 2573 dissert.
508 2514 581 2570 IV
624 2517 675 2570 in
718 2515 971 2571 saeculum
1015 2514 1038 2568 I
1089 2511 1136 2587 ยง-
1183 2520 1218 2569 4
1260 2517 1348 2571 ait:
1411 2517 1537 2569 Cum
1595 2511 1824 2585 Apostoli
1879 2511 1986 2582 fere

261 2628 430 2665 omnes
466 2611 606 2684 siccas
648 2610 786 2664 sedes
837 2627 940 2663 non
998 2608 1294 2675 habuerint,
1345 2608 1586 2680 Episcopi
1629 2605 1988 2679 Apostolorum

259 2723 559 2760 successores
601 2705 707 2759 dici
734 2723 836 2758 *non
858 2715 1088 2776 possunt,
1123 2704 1224 2757 'nisi
1267 2704 1323 2757 in
1366 2721 1571 2773 qenere,
1605 2713 1662 2755 uc
1703 2701 1985 2772 loquuntur

266 2803 310 2853 T
310 2799 509 2871 lteoloqi
551 2800 714 2853 nostri
758 2799 1032 2865 Polemici,
1057 2798 1187 2852 idest
1224 2797 1330 2851 dici
1355 2815 1458 2850 uon
1476 2806 1689 2869 possunt
1721 2796 1986 2868 speciatim

264 2911 565 2948 successores
608 2895 871 2962 Andreae,
898 2892 975 2949 vel
1003 2892 1261 2965 Philippi,
1291 2909 1511 2963 qaorum
1537 2891 1837 2958 auctoritas,
1874 2909 1988 2944 cum,

267 2989 699 3044 extraordinaria
742 2999 881 3055 esset,
928 3008 1042 3044 cum.
1083 2988 1207 3060 ipsis
1248 2987 1466 3043 interiit.
