2114 3289
350 120 395 197 ᾗ.
422 143 495 180 lx,
524 142 583 178 DE
614 142 820 177 POTEs'r.
851 140 1048 178 BchEs.
1078 141 1140 176 UT
1168 139 1323 179 AJUNT
1349 142 1589 177 INDEPEN.
1678 127 1747 176 33

110 247 359 305 Sacerdos
409 264 513 301 non
555 255 624 301 est
668 263 735 300 ea]
778 264 834 300 eo
875 261 1057 316 qenere
1100 245 1464 312 naturalium,
1508 262 1636 315 quae
1680 243 1834 298 aliter

110 360 158 398 se
203 344 384 398 habere
428 359 533 395 non
566 349 797 413 possunt.
846 338 986 395 Idem
1030 342 1178 395 sentit
1220 339 1531 396 Boehmerus
1575 340 1627 393 in
1671 337 1834 393 Intro-

113 437 346 493 ductione
390 435 454 491 ad
498 432 589 490 Jus
633 434 891 508 publicum
934 434 1024 491 lib.
1071 433 1121 488 ΙΙ
1164 454 1274 508 cap.
1323 438 1354 489 5
1397 428 1443 505 S.
1492 437 1544 503 2,
1586 430 1835 488 Besoldus

110 531 164 586 in
223 530 445 604 politicis
495 528 598 606 lib.
660 526 712 583 II
762 548 872 603 cap.
920 533 951 584 3
995 523 1041 599 S.
1089 534 1120 585 3
1166 547 1216 584 n.
1265 531 1338 582 14
1380 540 1427 583 et
1481 531 1592 598 19,
1652 526 1839 598 aliique

113 623 303 697 plures,

193 714 356 788 Igitur
399 717 562 774 oleum
607 730 653 773 et
697 736 902 792 operam
943 717 1180 792 perdunt,
1223 718 1310 791 qui
1354 716 1634 773 rationibus
1661 732 1724 770 ex
1749 733 1837 769 na-

111 813 263 869 turali
305 814 415 885 jure
458 815 628 889 petitis
673 814 976 889 probaturos
1020 834 1072 870 se
1115 810 1394 883 autumant,
1437 812 1837 868 administratio-

110 926 224 963 nem
285 926 452 964 rerum
514 927 776 965 sacrarum
837 909 932 965 sub
993 910 1207 984 imperio
1250 909 1495 964 laicorum
1539 904 1838 979 Principum

111 1021 237 1059 esse.
299 1001 358 1059 Si
419 1003 680 1060 veritatem
742 1004 966 1059 invenire
1027 1003 1354 1072 desiderant,
1406 1004 1459 1058 in
1509 1003 1619 1072 jure
1663 999 1837 1055 divino

109 1116 221 1154 eam
262 1117 502 1172 quaerere
545 1097 745 1168 debent,
790 1096 1205 1172 quandoquidem
1248 1096 1617 1152 ecclesiasticae
1658 1093 1841 1165 guber-

105 1193 325 1248 nationis
369 1194 521 1262 ratio,
564 1211 692 1266 quae
736 1192 800 1248 ab
844 1211 942 1247 una
987 1192 1241 1248 voluntate
1283 1190 1379 1246 Dei
1421 1188 1691 1264 pendebat,
1734 1205 1835 1242 non

108 1285 256 1342 aliter
297 1287 444 1343 nobis
489 1289 690 1358 cognita
733 1298 1091 1360 perspectaque
1134 1303 1241 1341 esse
1283 1296 1475 1359 potest9
1517 1285 1616 1339 nisi
1658 1301 1722 1338 ex
1763 1294 1837 1336 ta-

104 1379 239 1438 bulis
288 1380 490 1436 divinae
532 1378 843 1435 fundationis
888 1377 1166 1448 Ecclesiae,
1193 1397 1256 1434 ex
1299 1375 1459 1435 Sacra
1502 1395 1678 1452 nempe
1705 1374 1842 1432 Scri-

104 1486 272 1548 ptura,
307 1485 354 1529 et
395 1472 714 1530 Traditione.
760 1469 1033 1529 Praeclare
1076 1471 1132 1530 S.
1176 1471 1406 1530 Thomas
1449 1491 1499 1547 p.
1548 1474 1573 1526 1
1624 1490 1675 1546 q.
1725 1471 1830 1525 101

103 1579 199 1625 art.
247 1571 315 1624 1:
360 1571 429 1624 In
470 1567 549 1622 his
591 1585 721 1639 quae
764 1577 881 1621 sunt
924 1584 1083 1640 sup-ra
1123 1577 1371 1622 naturam
1412 1566 1508 1621 soli
1544 1563 1844 1621 auctoritati

105 1662 359 1730 credit-ur,
388 1672 434 1717 et
459 1680 588 1734 quae
626 1678 694 1716 ex
736 1661 844 1717 sola
887 1662 989 1718 Dei
1032 1661 1292 1717 voluntate
1326 1661 1644 1735 proveniunt
1685 1675 1844 1732 supra

105 1775 252 1812 omne
313 1757 541 1812 debitunt
599 1767 862 1824 naturae,
910 1756 1053 1811 nobis
1095 1757 1407 1812 innotescere
1449 1773 1554 1811 non
1587 1764 1841 1828 possunt,

107 1851 210 1905 nisi
252 1861 501 1924 quatenus
542 1850 770 1906 revelata
811 1861 946 1908 sunt.

185 1944 288 2002 Sed
330 1948 435 2018 jam
479 1945 544 2001 ad
587 1946 903 2021 propositum
947 1945 1229 2003 veniamus,
1276 1944 1620 2002 Bellarminus
1662 1943 1754 2000 lib.
1800 1941 1842 1999 Ι.

111 2039 172 2096 de
214 2038 368 2098 Rom.
413 2039 661 2097 Pontifice
704 2060 815 2115 cap.
867 2045 894 2094 7
942 2041 1012 2097 ita
1056 2052 1187 2096 recte
1230 2051 1638 2112 argumentatur:
1684 2038 1842 2110 Reyi-

103 2153 223 2190 men
266 2135 521 2189 Ecclesiae
565 2134 960 2209 supernaturale
1005 2146 1096 2203 est,
1138 2135 1338 2190 nemini
1381 2134 1547 2207 iqitur
1589 2133 1842 2203 convenit,

107 2229 211 2284 nisi
272 2229 355 2284 cui
415 2233 555 2284 Deus
615 2229 883 2286 commisit.
953 2230 1187 2302 Legimus
1237 2239 1410 2285 autem
1457 2229 1516 2284 in
1557 2228 1844 2303 Scripturis

109 2325 430 2380 commissum
493 2323 748 2398 Apostolis
766 2367 787 2393 ,
838 2335 882 2381 et
927 2326 1192 2399 Episcopis
1237 2344 1415 2382 eorum
1455 2324 1841 2381 successoribus,

108 2422 245 2475 Nam
303 2420 366 2474 cle
427 2422 584 2474 Petro
641 2420 882 2493 Apostolo
945 2421 1142 2475 dict-um
1184 2431 1293 2476 est:
1329 2437 1480 2493 pasce
1525 2437 1636 2474 oves
1678 2435 1838 2485 nteaS,

108 2517 262 2570 Joan.
305 2514 442 2582 ula,
487 2526 532 2569 et
575 2514 636 2569 de
681 2515 945 2588 Episcopis
989 2515 1184 2570 dicitur
1226 2525 1324 2573 act.
1375 2517 1470 2581 20,
1513 2530 1635 2584 quos
1669 2512 1846 2586 posuit

111 2613 250 2664 Deus
292 2610 567 2683 Episcopos
608 2626 783 2681 regere
827 2609 1112 2666 Ecclesiam
1154 2610 1275 2667 Dei.
1321 2614 1400 2665 De
1443 2607 1668 2680 Reyibus
1709 2607 1845 2662 nihil

113 2701 415 2776 hujusmodi
473 2721 704 2775 unquam
762 2704 995 2776 le9imuS.
1058 2704 1122 2760 Et
1181 2705 1356 2761 eodem
1416 2703 1527 2757 loco
1571 2720 1634 2756 ex
1677 2701 1842 2757 verbis

118 2794 344 2869 Apostoli
390 2802 414 2852 1
465 2798 531 2853 ad
593 2796 826 2855 Corinth.
885 2801 995 2869 12„
1039 2811 1086 2854 et
1127 2799 1192 2854 ad
1236 2798 1422 2871 Ephes.
1471 2800 1540 2852 4:
1594 2799 1734 2849 Deus
1783 2795 1842 2849 in

118 2889 344 2945 Ecclesia
380 2892 552 2963 posuit
588 2894 820 2965 primum
866 2893 1150 2965 ApostolOS,
1187 2891 1373 2946 deinde
1408 2889 1706 2965 proplietaS,
1735 2900 1843 2944 tum

1370 2991 1399 3040 3
