2114 3289
320 113 366 189 §.
395 136 545 173 xxm.
576 136 635 170 DE
665 134 754 170 Usu
783 133 842 168 ET
875 133 1020 170 AUCT.
1052 131 1347 169 coNsT1TUT.
1380 132 1423 166 s.
1457 131 1658 167 Ponrtr.
1726 116 1796 166 55

222 238 391 283 Priscis
427 235 717 293 temporibus
752 235 1129 280 Constitutiones
1165 234 1460 280 Summorum
1490 232 1764 278 Pontificum
1795 231 1893 278 Au-

152 318 392 364 ctoritates
415 316 799 369 nominabantur,
829 328 920 372 quo
950 316 1297 373 significaretur
1321 325 1544 359 summam
1569 312 1738 358 debere
1771 313 1891 371 apud

150 413 311 445 omnes
340 411 436 443 esse
467 408 623 442 earum
655 396 746 439 vim
777 396 1216 452 auctoritatemque.
1243 395 1357 439 Acta
1389 394 1566 451 Synodi
1598 393 1882 448 Palestinae,

151 492 268 537 quae
293 480 481 523 Victore
519 478 531 520 l
573 477 793 521 Pontifice
820 477 1051 521 celebrata
1080 482 1165 529 est,
1192 475 1257 520 sic
1286 475 1539 532 incipiunt,
1567 475 1697 534 Papa
1727 473 1886 520 Victor

151 562 384 605 Romanae
421 556 558 603 Urbis
602 555 856 616 Episcopus
899 554 1082 601 diremit
1129 554 1455 599 auctoritatem
1493 553 1554 600 od
1593 553 1892 614 Theophilum

150 641 510 687 Caesariensem.
536 640 645 684 Cum
670 637 918 683 multitudo
950 637 1036 682 illa
1069 637 1305 693 convenit,
1337 636 1611 697 Theophilus
1636 636 1893 698 Episcopus

146 721 348 782 protulit
384 719 713 765 auctoritatem
735 718 862 764 adse
899 717 1090 764 missam.
1126 719 1282 778 Papae
1322 718 1539 765 Victoris.
1579 719 1713 764 Teste
1738 720 1895 764 Coun-

155 804 348 857 stantio,
378 803 423 846 in
458 808 724 858 pervetusta
763 813 995 846 canonum
1032 800 1312 845 collectione
1350 812 1443 844 nou
1491 800 1582 844 alio
1619 812 1755 856 quam
1794 798 1894 843 Au-

154 881 392 929 ctoritatis
429 883 618 927 nomine
659 883 980 927 inscribuntur
1015 880 1252 937 Epistolae
1297 880 1580 925 Decretales:
1623 878 1893 924 Auctoritas

151 962 322 1009 Siricii
344 960 403 1008 od
426 961 1060 1006 Himmerium-Auctoritas
1094 959 1363 1005 Innocentii
1397 958 1455 1004 ad
1498 959 1795 1005 Victricium.
1836 961 1893 1004 Et

153 1045 368 1089 Zosimus
404 1058 474 1100 ep.
516 1045 529 1087 1
569 1044 621 1088 ad
662 1043 918 1100 Episcopos
952 1042 1151 1096 Galliae,
1188 1054 1289 1086 cum
1327 1041 1630 1095 decrevisset,
1665 1048 1714 1086 ut
1750 1041 1829 1098 qui
1868 1054 1892 1087 e

152 1126 300 1171 Gallia
340 1132 418 1169 aut
455 1126 646 1169 Romam
685 1131 764 1168 aut
799 1124 891 1168 alio
930 1136 978 1168 se
1014 1121 1346 1176 conferebant,
1386 1122 1568 1168 litteras
1605 1120 1829 1167 formatas
1866 1134 1891 1167 a

158 1206 522 1263 Metropolitano
573 1205 837 1250 Arelatensi
886 1211 1104 1260 acceptas
1160 1203 1380 1249 exhibere
1429 1203 1684 1255 deberent,
1735 1203 1888 1247 addit:

157 1286 306 1341 Quum
333 1285 669 1331 Auctoritatem
692 1284 857 1345 ubique
881 1299 963 1328 uos
989 1283 1168 1328 misisse
1192 1282 1495 1343 manifestum
1520 1290 1606 1337 est,
1628 1289 1679 1327 ut
1715 1283 1897 1329 cunetis

152 1367 418 1427 reqionibus
467 1366 728 1411 innotescat
776 1363 846 1422 id,
883 1362 1002 1425 quod
1037 1364 1311 1421 statuimus,
1349 1362 1628 1409 omnimodis
1665 1378 1758 1410 esse
1795 1378 1895 1410 ser-

156 1447 377 1494 vandunu

227 1530 465 1575 Interdum
502 1529 750 1574 Pontifices
793 1528 985 1574 Maximi
1031 1528 1078 1572 in
1125 1528 1222 1572 suis
1265 1527 1697 1572 constitutionibus
1743 1527 1894 1573 solent

153 1611 452 1668 Apostolicae
490 1609 624 1654 Sedis
658 1606 764 1666 jura
787 1609 1162 1667 dignitatemque
1187 1609 1325 1652 tueri.
1364 1608 1615 1661 Quaeritur
1640 1609 1798 1666 itaque
1835 1620 1894 1652 an

154 1692 457 1738 Pontificibus
494 1691 541 1736 in
566 1703 706 1735 causa
743 1690 933 1748 propria
969 1690 1251 1734 credendum
1291 1683 1381 1734 sit?
1420 1688 1571 1745 Absit,
1611 1690 1766 1747 inquit
1800 1691 1897 1734 Au-

155 1779 274 1827 ctor,
311 1774 361 1816 in
386 1785 523 1828 quem
561 1771 687 1816 nulla
726 1771 1063 1816 assentationis
1099 1771 1306 1828 suspicio
1344 1771 1487 1824 cadit,
1521 1783 1687 1828 nempe
1724 1772 1898 1816 Auctor

153 1852 342 1899 Defens.
382 1853 611 1898 Declarat.
650 1853 771 1898 Cleri
820 1853 1053 1898 Gallicani
1092 1858 1211 1909 part.
1253 1852 1280 1894 2
1318 1852 1398 1896 lib.
1444 1854 1497 1896 15
1543 1864 1645 1908 cap.
1686 1852 1734 1906 6,
1771 1849 1895 1896 absit

155 1931 311 1990 istudy·
370 1938 462 1993 (ut
510 1934 577 1979 eis
626 1946 719 1978 non
771 1931 1061 1990 credamus)
1120 1932 1234 1993 pari
1283 1932 1406 1978 euim
1467 1932 1579 1993 jure
1640 1930 1892 1988 dioeerint,

157 2030 214 2061 ne
261 2014 503 2076 Episcopis
555 2013 737 2076 quidem
787 2021 869 2059 out
917 2013 1208 2074 Presbyteris
1258 2028 1350 2059 esse
1399 2011 1710 2059 adhibendam
1744 2011 1898 2076 fidem,

154 2111 256 2142 cum
292 2095 557 2143 Sacerclotii
592 2096 668 2141 sui
703 2094 919 2141 honorem
961 2093 1261 2156 praedicant,
1300 2093 1420 2156 quod
1456 2101 1620 2141 contra
1657 2101 1752 2150 est;
1790 2110 1901 2140 uam

154 2177 319 2239 quibus
369 2179 490 2223 Deus
539 2176 824 2236 singularem
884 2176 1077 2222 honoris
1125 2175 1462 2238 diquitatisque
1514 2176 1898 2238 praerogrativam

154 2260 374 2316 contulit‚
410 2258 574 2305 iisdem
612 2259 820 2319 inspirat
855 2274 1013 2305 verum
1049 2257 1101 2305 de
1138 2274 1224 2304 sua
1255 2266 1480 2320 potestate
1517 2273 1721 2316 sensum,
1760 2266 1811 2305 ut
1847 2274 1901 2304 ea

156 2342 209 2387 in
244 2341 469 2398 Domino,
508 2355 610 2386 cum
646 2355 718 2386 res
756 2342 1039 2402 poposcerit,
1089 2340 1230 2387 libere
1265 2348 1307 2387 et
1350 2339 1633 2403 confidenter
1679 2347 1897 2395 utantur,

153 2423 324 2486 fiatque
361 2421 502 2479 illud,
539 2421 658 2483 quod
694 2422 763 2467 ait
801 2422 981 2468 Paulus
1029 2424 1043 2467 ί
1085 2421 1145 2467 ad
1181 2424 1283 2468 Cor.
1324 2424 1351 2466 2
1386 2437 1432 2468 υ.
1467 2424 1521 2467 12
1552 2421 1896 2468 ACCEPIMUS

155 2505 472 2561 SPIRITUM,
511 2504 616 2560 QUI
644 2503 731 2549 EX
754 2503 879 2550 DEO
915 2504 1048 2560 EST,
1087 2505 1169 2551 UT
1201 2503 1460 2551 SCIAMUS
1495 2503 1663 2558 QUAE
1695 2502 1732 2547 A
1772 2503 1895 2549 DEO

155 2586 402 2631 DONATA
442 2586 600 2633 SUNT
632 2586 833 2632 NOBIS.
873 2585 1004 2641 Quod
1027 2585 1211 2648 quidem
1247 2585 1320 2630 hic
1347 2585 1481 2630 semel
1518 2583 1668 2630 <licere
1690 2583 1892 2645 placuit,

156 2675 204 2712 ut
229 2669 544 2722 temerarium,
570 2684 622 2714 ac
656 2669 901 2730 pessimam
940 2667 1283 2729 responsionem
1309 2667 1620 2727 confutarem.-
1647 2666 1894 2727 profiteor-

156 2764 238 2808 (μισ
282 2765 348 2795 me
384 2749 436 2795 de
478 2749 611 2797 Sedis
650 2749 938 2811 Apostolicae
977 2750 1219 2811 majestate
1260 2753 1567 2794 Romanorum
1610 2748 1893 2810 Pontificum

153 2828 392 2876 doctrinae
428 2838 469 2876 et
505 2831 759 2878 traditioni
794 2830 1101 2877 crediturum.
