2114 3289
332 95 441 148 190
496 111 590 148 mss.
616 110 668 147 11.
696 110 742 145 6.
771 108 822 143 11.
853 106 914 142 DE
943 106 1102 144 eelsc.
1133 107 1362 151 EORUMQ.
1391 109 1500 145 sun.
1534 110 1593 143 ET
1620 109 1828 146 ornans

248 214 492 284 locorum,
538 228 888 287 personarum,
932 228 990 264 36
1017 220 1299 283 temporum
1326 212 1518 266 ratione
1546 210 1610 266 ad
1644 210 1738 267 Dei
1765 211 1972 281 cultum,

245 319 292 362 et
335 308 546 363 salutem
591 306 875 360 animarum
920 302 1225 371 conducunt,
1268 314 1314 357 et
1374 305 1644 377 prohibere
1697 306 1973 361 contraria.

326 401 426 458 Sed
470 401 675 454 minime
717 409 880 472 potest
904 398 1037 468 leges
1064 397 1299 466 condere,
1329 416 1457 470 quae
1482 396 1592 454 Juri
1628 399 1971 454 ecclesiastico

247 496 502 552 communi
565 492 913 548 adversentur.
977 490 1269 564 Siquidem,
1332 503 1384 545 ut
1445 493 1700 565 praeclare
1770 494 1974 567 scripsit

248 588 542 645 Cardinalis
586 585 730 642 Bona
773 588 825 642 in
868 587 1014 660 epist.
1081 588 1192 639 259
1256 584 1322 641 ad
1381 583 1627 640 Joannem
1688 586 1975 661 Baptistam

246 682 505 751 Thiersio,
558 697 849 735 communes
899 679 1129 734 Eclesiae
1173 679 1326 751 leyeS,
1371 679 1526 747 rima,
1571 689 1616 733 et
1659 679 1982 735 consuetudi-

246 794 331 831 nes
379 776 567 847 ubique
620 785 850 847 receptae
904 774 1019 848 ejus
1072 774 1353 828 dumtaxat
1403 772 1708 828 auctoritate
1751 773 1863 828 lolli
1904 774 1983 829 cel

245 870 441 924 mutari
462 880 696 942 possunt,
731 868 882 943 cujus
926 879 993 924 est
1021 869 1079 923 in
1103 868 1398 923 universam
1434 867 1716 922 Ecclesiam
1761 869 1983 922 auctori-

245 976 321 1019 las
366 976 409 1019 et
453 976 694 1037 potestaS,
721 963 959 1035 alioquin
1002 963 1181 1035 inqens
1217 963 1364 1037 fieret
1406 962 1733 1034 disciplinae,
1771 972 1817 1015 et
1858 962 1986 1016 Hie-

247 1059 485 1114 rarclziae
530 1059 895 1113 ecclesiasticae
931 1058 1277 1131 perturbatio,
1306 1056 1438 1113 Vide
1483 1056 1813 1112 Benedictum
1856 1054 1982 1110 XIV

247 1158 309 1212 de
355 1155 549 1227 Synod.
594 1156 770 1213 Dioec.
818 1156 907 1213 lib.
958 1157 1031 1209 12
1076 1174 1187 1230 cap.
1238 1157 1288 1211 1.

1017 1326 1064 1402 §.
1113 1333 1205 1387 52.

597 1467 670 1513 DE
707 1467 849 1513 JURE
886 1467 1193 1513 JUDlCANDI
1230 1465 1303 1511 ET
1340 1465 1619 1514 PUNIENDI

329 1629 575 1701 Regimen
619 1629 896 1698 Ecclesiae,
939 1628 1075 1701 quod
1119 1628 1293 1684 divino
1334 1629 1444 1699 jure
1472 1626 1737 1702 Episcopis
1783 1646 1985 1684 concre-

254 1724 413 1779 ditum
459 1736 551 1793 est,
596 1735 679 1778 aut
722 1723 871 1792 nihil,
916 1734 1000 1777 aut
1061 1734 1191 1778 certe
1252 1741 1431 1796 parum
1492 1722 1669 1777 efficax
1729 1733 1876 1791 esset,
1939 1723 1982 1776 si

253 1817 492 1892 Episcopi
534 1817 797 1889 judicandi
841 1816 1181 1892 puniendique
1226 1827 1466 1890 potestate
1510 1828 1753 1871 carerent.
1810 1814 1985 1888 Itaque

253 1912 619 1967 catholicorum
663 1931 808 1967 nemo
851 1911 1068 1980 dubitat,
1112 1912 1234 1983 quin
1277 1930 1456 1965 causae
1500 1910 1788 1984 spirituales
1817 1929 1974 1983 neque

257 2028 355 2063 non
385 2008 449 2063 ad
479 2010 677 2079 negotia
721 2008 1061 2063 ecclesiastica
1105 2019 1403 2082 spectantes,
1443 2006 1698 2079 privative
1743 2018 1793 2060 ut
1821 2007 1982 2077 ajunt,

253 2102 316 2158 ad
370 2102 535 2157 forum
595 2100 851 2157 Ecclesiae
911 2103 1207 2175 pertineant.
1272 2099 1501 2156 Crimina
1562 2119 1789 2173 quoque,
1856 2119 1985 2173 quae

253 2196 403 2250 fldem
445 2207 531 2250 aut
572 2195 866 2267 religionem
919 2195 1142 2264 laedunt,
1204 2195 1340 2250 solus
1400 2194 1555 2265 judex
1607 2194 1977 2249 ecclesiasticus

254 2291 532 2362 cognoscit,
575 2301 621 2344 et
663 2290 714 2343 in
759 2309 870 2345 reos
916 2289 1293 2346 animadvertit.

335 2383 437 2440 Sed
481 2384 720 2458 quoniam
765 2383 826 2437 de
869 2395 1110 2457 potestate
1154 2382 1410 2439 Ecclesiae
1451 2382 1684 2454 judiciali
1738 2394 1784 2437 et
1844 2400 1982 2436 coer-

256 2483 406 2537 citiva
453 2481 642 2536 dictum
685 2491 759 2534 est
800 2479 890 2534 lib.
937 2478 960 2532 l
1001 2474 1046 2550 3.
1093 2484 1125 2534 6
1169 2492 1216 2534 et
1265 2484 1316 2549 7,
1359 2491 1406 2535 et
1458 2480 1693 2553 deinceps
1754 2477 1844 2534 lib.
1902 2475 1982 2530 ΙΙΙ

254 2577 315 2631 de
357 2576 543 2644 causiS,
586 2593 714 2647 quae
757 2572 821 2629 ad
864 2572 1030 2629 forum
1074 2572 1328 2628 Ecclesiae
1371 2575 1640 2647 pertinent,
1677 2571 1977 2642 singillatim

255 2669 523 2724 dicendum
567 2670 680 2739 erit,
732 2668 921 2724 idcirco
983 2667 1105 2722 satis
1175 2668 1269 2721 erit
1346 2667 1441 2720 1106
1520 2666 1631 2722 1060
1710 2665 1982 2720 admonere

257 2784 433 2819 causas
511 2782 682 2819 omnes
745 2762 809 2818 ad
872 2761 1036 2818 forum
1095 2761 1489 2815 ecclesiasticum
1559 2778 1759 2832 quoquo
1830 2759 1982 2814 modo

260 2860 579 2931 pertinenteS,
606 2859 802 2914 etiamsi
831 2856 1146 2914 beneficiales
1175 2856 1293 2923 sint,
1315 2855 1532 2927 itemque
1560 2853 1979 2921 matrimonialeS,
