2114 3289
358 154 428 205 70
592 170 703 208 οΑΡ.
750 169 802 205 11.
850 168 908 202 ni:
953 166 1198 202 Fonussus
1239 166 1377 203 sums
1420 165 1662 203 cANomct

268 275 453 349 exponi
513 273 849 346 oportuisset,
913 269 1208 342 rescriptum
1268 268 1621 341 subreptitium
1675 269 1897 339 dicitur3
1947 270 1992 324 si

271 367 394 441 quid
437 367 553 422 falsi
597 376 855 419 narratum
898 375 1007 432 est,
1052 361 1380 434 obreptitium
1424 363 1723 436 appellatur.
1787 361 1994 418 Interim

270 462 336 518 ad
395 479 499 517 rem
558 469 869 533 praesentem
912 456 1042 510 nihil
1084 458 1291 511 interest
1333 467 1500 510 utrum
1543 457 1798 531 subreptio
1842 459 1996 512 inter-

268 558 419 613 fuerit
475 574 536 611 an
598 554 860 627 obreptio,
904 551 991 608 sed
1036 553 1208 623 magni
1252 553 1493 620 interest,
1538 571 1600 606 an
1645 554 1873 627 obreptio
1920 552 1996 607 vel

272 652 527 725 subreptio
587 668 649 704 ex
711 648 828 704 dolo
882 659 929 701 et
980 647 1212 716 malitia,
1258 665 1321 701 an
1364 665 1425 701 ex
1469 646 1576 701 sola
1621 648 1907 717 ignorantia
1950 658 1998 701 et

270 746 591 819 simplicitate
617 743 899 814 contigerit.
927 740 1102 815 ltaque
1130 739 1368 796 Pontifex
1419 736 1488 809 (c.
1538 743 1608 794 20
1646 740 1707 795 de
1737 738 1994 814 rescript.)

274 853 371 896 tres
415 839 614 910 regulas
658 839 847 893 statuit.

304 925 306 927 ’
350 932 527 990 Prima
587 945 693 987 est:
756 931 859 996 Qui
899 931 1087 1004 fraude
1130 931 1208 985 vel
1253 930 1457 986 malitia
1497 930 1777 1003 falsitatem
1820 929 1998 1002 eoepri-

271 1039 454 1094 mum,
514 1037 605 1081 aut
661 1025 995 1098 supprimunt
1035 1026 1342 1093 veritatem,
1387 1026 1443 1080 in
1485 1043 1605 1079 suae
1643 1023 2000 1097 perversitatis

265 1140 489 1196 poenamv
547 1120 749 1174 nullum
794 1138 861 1174 eac
905 1120 970 1173 iis
1011 1119 1197 1174 litteris
1240 1104 1565 1173 commodum
1607 1129 1998 1190 consequantur.

275 1217 412 1273 Haec
457 1229 620 1272 autem
665 1215 835 1286 regula
879 1227 983 1269 tum
1027 1216 1270 1289 rescripta
1314 1216 1537 1286 gratiae,
1582 1227 1687 1269 tum
1729 1216 1881 1269 etiam
1925 1214 2004 1284 ju-

276 1315 440 1370 stitiae
483 1313 863 1387 complectitur:
910 1323 1118 1383 utraque
1161 1312 1293 1365 enim
1337 1330 1399 1365 ex
1452 1311 1705 1365 communi
1759 1311 2003 1364 sententia

277 1409 412 1463 nulla
462 1419 575 1462 sunt
618 1418 765 1479 atque
808 1407 972 1474 irrita„
1016 1406 1216 1459 etiamsi
1260 1406 1549 1479 suppressio
1596 1406 1720 1473 veri,
1767 1403 1843 1458 vel
1887 1422 2004 1457 nar-

277 1504 405 1558 ratio
448 1501 562 1556 falsi
607 1501 875 1575 praecipua
920 1518 1071 1554 causa
1116 1518 1215 1555 non
1257 1500 1507 1567 extiterit,
1552 1498 1884 1571 quamobrem
1928 1517 2006 1552 re-

277 1598 518 1671 scriptum
578 1612 867 1650 concessum
929 1593 1039 1648 fuit.
1100 1590 1369 1666 Rescripta
1423 1605 1586 1647 tamen
1637 1592 1702 1646 ad
1748 1592 1859 1647 lites
1903 1611 2003 1647 non

277 1694 387 1766 ipso
429 1693 540 1762 jure
583 1703 696 1745 sunt
737 1691 903 1758 irrita,
930 1688 1017 1744 sed
1062 1707 1153 1763 ope
1196 1689 1504 1762 exceptionis
1549 1689 1695 1742 irrita
1740 1688 1849 1743 fieri
1888 1707 2003 1762 pos-

279 1799 408 1842 sunt.
478 1784 609 1840 Vide
675 1784 968 1855 Fagnanum
1035 1785 1086 1839 in
1155 1802 1265 1856 cap.
1337 1785 1570 1836 Ceterum
1630 1782 1691 1837 de
1751 1779 2004 1856 Rescript.

281 1900 418 1936 num.
468 1885 520 1936 9.

359 1974 592 2031 Secunda
653 1974 825 2044 regula
886 1986 992 2028 est:
1048 1973 1151 2037 Qui
1195 1991 1260 2026 eac
1302 1972 1602 2043 iqnorantia
1644 1971 1721 2026 vel
1763 1970 2010 2043 simplici-

280 2082 379 2124 tate
421 2070 619 2123 litteras
662 2068 968 2139 impetrant,
1013 2067 1438 2138 (listinquentluni
1483 2078 1592 2133 est)
1637 2085 1766 2138 quae
1808 2066 2009 2138 falsitas

277 2175 506 2236 suqyestct
563 2163 761 2235 fuerit,
814 2163 892 2215 vel
941 2180 1069 2233 quae
1113 2162 1302 2216 veritas
1345 2162 1409 2214 sit
1452 2179 1756 2234 suppressa:
1803 2178 1922 2214 nam
1964 2159 2008 2212 si

279 2259 398 2313 talis
459 2275 697 2330 expressa
758 2257 819 2310 sit
879 2257 1116 2328 falsum,
1179 2257 1257 2310 vel
1306 2256 1494 2310 veritas
1539 2256 1830 2321 οεσῑιῖίαῖα,
1875 2272 2004 2325 quae

279 2353 511 2425 quamvis
551 2352 728 2423 fuisset
773 2351 930 2405 tacita
973 2352 1051 2405 vel
1093 2369 1358 2423 expressa,
1391 2351 1640 2423 Pontifex
1668 2349 2007 2404 nihilominus

279 2448 457 2502 saltem
516 2447 573 2500 in
629 2447 800 2517 fiirma
860 2446 1117 2498 communi
1178 2444 1375 2498 litteras
1430 2445 1686 2511 dedisset‚
1739 2443 2010 2513 Deleqatus

280 2561 383 2596 non
442 2558 646 2613 sequens
704 2541 924 2611 formam
970 2539 1023 2592 in
1069 2539 1255 2593 litteris
1300 2539 1422 2610 ipsis
1467 2539 1792 2610 appositam,
1836 2555 2009 2590 secun-

282 2639 407 2690 dum
434 2637 670 2690 ordinem
707 2634 852 2708 juris
889 2635 947 2687 in
989 2652 1142 2687 eausa
1177 2635 1444 2705 procedat.
1492 2632 1653 2704 Igitur
1679 2633 1800 2686 utile
1828 2633 2009 2686 rescri-

283 2743 421 2804 ptum
465 2733 595 2798 erit,
639 2729 724 2784 ubi
767 2748 830 2783 ex
872 2729 1163 2799 ignorantia
1208 2728 1283 2781 vel
1326 2728 1647 2801 simplicitate
1691 2724 1874 2780 falsum
1917 2743 2004 2779 ex-

283 2826 540 2898 positum,
592 2835 676 2878 aut
732 2841 904 2878 verum
965 2821 1163 2876 silentio
1224 2822 1633 2894 praetermissum
1696 2819 2008 2874 concessioni

286 2936 486 2972 causam
549 2937 646 2974 non
707 2916 885 2986 dedit;
945 2915 1132 2970 nullam
1188 2933 1402 2986 namque
1452 2931 1663 2987 poenam
1710 2913 2010 2987 simplicitas
