2114 3289
327 94 441 147 214
486 112 579 150 Lm.
607 111 676 148 ΙΙΙ.
706 110 752 147 G.
781 110 813 145 1.
844 109 903 144 DE
935 108 1151 144 PERSON.
1179 107 1320 146 EGCL.
1353 108 1560 145 POTEST.
1592 108 1849 146 SUBJEGTIS

309 212 385 269 De
427 213 663 269 electione
689 208 1014 266 Summorum
1041 206 1345 264 Pontificum
1372 208 1566 282 aliquid
1593 208 1949 287 proferendum

229 320 320 365 est.
365 306 421 365 S.
468 305 744 376 Gregorius
786 303 878 359 lib.
909 306 941 357 5
968 304 1114 377 epist.
1163 305 1266 357 20:
1312 303 1533 373 CunctiS,
1566 304 1750 376 inquit,
1776 303 1950 357 Evan-

229 401 422 474 9elium
480 397 751 453 scientibus
809 396 1007 468 liquet,
1052 396 1190 468 quod
1230 413 1344 450 voce
1388 396 1650 453 dominica
1690 407 1862 452 sancto
1911 406 1958 452 et

234 495 465 551 omnium
508 491 868 565 Apostolorum
909 493 1066 546 Petro
1102 491 1343 564 Principi
1369 491 1522 545 totius
1547 491 1801 547 Ecclesiae
1830 508 1957 545 cura

231 588 495 644 commissa
521 596 608 642 est.
653 586 764 658 Ipsi
789 585 974 658 quippe
1005 585 1232 640 dicitur:
1278 606 1437 642 PETRE
1468 603 1601 642 Ams
1642 582 1752 643 ME?
1798 604 1954 642 PAscss

233 701 366 739 oves
413 700 566 738 nfflAs.
619 678 826 753 Reliqui
869 699 986 735 vero
1030 676 1305 735 Pontifices
1347 678 1403 736 S.
1449 677 1588 735 Petri
1632 677 1957 735 Successores

229 795 318 850 per
375 775 666 831 electionem
717 775 871 830 creati
914 784 1067 844 sunt,
1109 773 1196 828 sed
1241 775 1381 829 varia
1423 772 1518 828 fuit
1558 772 1777 843 eligendi
1819 771 1955 830 Pon-

232 870 383 925 tificis
427 870 556 925 ratio
599 887 692 942 pro
753 868 892 924 varia
953 879 1234 941 temporum
1296 865 1657 923 vicissitudine.
1720 863 1955 934 Quatuor

235 964 404 1037 itaque
446 975 673 1036 tempora
716 960 1073 1033 distinguenda
1117 973 1248 1017 sunt.

319 1055 403 1114 1.Ο
449 1060 495 1112 A
537 1056 689 1127 Line,
734 1057 842 1130 qui,
886 1067 939 1110 ut
980 1057 1049 1113 ait
1092 1054 1340 1112 Eusebius
1383 1053 1517 1111 Hist.
1562 1054 1683 1111 eccl.
1717 1054 1753 1109 l.
1784 1057 1815 1109 3
1844 1072 1954 1128 cap.

236 1154 291 1221 2,
327 1161 440 1224 post
482 1151 631 1206 Petri
673 1149 987 1221 martyrium
1022 1150 1228 1222 primus
1259 1149 1515 1204 Ecclesiae
1543 1150 1808 1203 Romanae
1833 1146 1959 1219 Epi-

232 1256 491 1318 scopatum
541 1244 786 1317 suscepit,
828 1244 899 1299 acl
942 1243 1271 1316 Simplicium
1313 1263 1498 1317 usque,
1540 1243 1627 1317 qui
1670 1261 1801 1298 anno
1846 1243 1955 1296 467

237 1337 478 1396 Pontifex
521 1340 840 1395 renunciatus
884 1350 973 1395 est.
1019 1337 1152 1394 Tam
1194 1339 1346 1410 longo
1388 1338 1628 1412 temporis
1665 1337 1829 1411 spatio
1853 1334 1960 1391 Ro-

237 1435 374 1489 mani
401 1432 695 1501 PontificeS,
729 1443 988 1506 praesente
1031 1452 1088 1487 ac
1132 1433 1474 1488 testimonium
1517 1430 1712 1486 dicente
1752 1430 1959 1504 popule,

234 1538 341 1582 tum
383 1525 521 1583 Cleri
563 1525 834 1601 sufflaqio,
866 1538 971 1582 tum
1014 1524 1383 1600 Episcoporum
1419 1523 1630 1598 judicio
1671 1524 1814 1579 electi
1856 1523 1962 1580 fue-

238 1632 372 1677 runt.
418 1619 643 1676 Vacante
687 1632 851 1676 autem
895 1618 1046 1689 Sede,
1088 1618 1351 1675 Romanus
1394 1617 1572 1675 Clerus
1616 1619 1669 1674 in
1710 1618 1963 1689 graviori-

235 1718 328 1774 bus
372 1719 524 1774 totius
569 1715 825 1772 Ecclesiae
870 1718 1082 1787 negotiis
1125 1716 1498 1784 consulebatur,
1525 1716 1730 1787 ejusque
1769 1713 1963 1785 judicia

238 1812 534 1868 remotiores
595 1812 747 1866 etiam
795 1809 1053 1866 Ecclesiae
1096 1811 1267 1881 magni
1309 1809 1598 1879 faciebant3
1643 1807 1778 1881 quod
1819 1826 1964 1883 prae-

235 1908 409 1962 sertim
450 1926 513 1962 ex
557 1904 612 1961 S.
658 1903 904 1979 Cypriani
946 1905 1126 1960 litteris
1172 1903 1492 1960 manifestum
1536 1914 1627 1960 est.

320 1998 404 2058 2⁰
449 2004 494 2054 A
536 1999 809 2072 Simplicio
850 1999 920 2053 acl
964 1998 1294 2067 Zachariam,
1338 1999 1435 2053 hoc
1477 2009 1570 2067 est,
1599 1997 1663 2053 ab
1690 2015 1820 2053 anno
1849 2000 1958 2051 467

239 2095 305 2152 ad
350 2113 535 2151 annum
584 2095 714 2152 741.
768 2092 884 2149 Jam
929 2094 993 2149 ab
1036 2112 1166 2149 anno
1212 2097 1324 2148 476
1370 2091 1605 2150 Odoacer
1647 2089 1761 2147 Rex
1802 2089 1965 2146 Heru-

237 2190 423 2259 lorum,
460 2188 656 2244 devicto
699 2187 1000 2259 Augustulo,
1044 2186 1191 2244 Italia
1234 2189 1420 2262 potitus
1463 2198 1588 2243 erat.
1631 2184 1835 2243 Mortuo
1878 2203 1966 2242 au-

237 2296 337 2339 tem
389 2281 655 2356 Simplicio
707 2283 955 2351 sancivit,
1000 2302 1058 2338 ne
1102 2301 1259 2338 novus
1303 2279 1541 2337 Pontifex
1583 2299 1635 2336 se
1677 2280 1960 2336 inconsulto

237 2378 522 2449 eligeretur.
585 2373 732 2443 Quae
792 2394 869 2431 res
930 2389 1073 2432 antea
1125 2375 1354 2431 inaudita
1398 2386 1450 2430 ut
1491 2375 1662 2448 aliqua
1704 2373 1962 2443 religionis

238 2473 404 2546 specie
464 2481 841 2541 contegeretur,
884 2468 1107 2525 Basilius
1151 2469 1441 2525 Praefectus
1484 2466 1750 2524 Praetorio
1800 2469 1959 2540 ipsius

240 2565 494 2622 odoacris
538 2562 774 2619 Vicarius
817 2561 1007 2618 dixisse
1051 2563 1233 2619 fertur:
1279 2562 1644 2617 Aclmonitione
1686 2559 1963 2616 beatissimi

240 2659 342 2713 ciri
403 2660 579 2730 Papae
640 2657 799 2711 nostri
860 2656 1159 2730 Simplicii,
1208 2674 1362 2728 quam
1404 2667 1519 2711 ante
1562 2655 1729 2710 oculos
1769 2671 1965 2727 semper

240 2754 422 2808 habere
483 2752 758 2819 debemus,
817 2751 907 2806 hoc
967 2751 1107 2806 nobis
1167 2751 1468 2806 meministis
1508 2751 1597 2804 sab
1638 2749 1962 2804 obtestatione

239 2850 391 2921 faisse
434 2849 767 2917 mandatum,
812 2860 866 2903 ut
902 2860 1113 2922 propter
1156 2848 1306 2903 illum
1349 2847 1613 2921 strepitum
1657 2858 1702 2902 et
1751 2863 1959 2901 venera-
