2114 3289
324 115 435 166 104
482 130 648 167 LIB.11.
674 129 719 165 c,
748 128 780 164 1.
812 126 870 161 DE
898 126 947 161 n.
973 125 1236 161 PoN'rlrlcE
1264 123 1436 167 EJUSQ.
1467 123 1807 160 ADJUTORIBUS

236 233 510 303 Primatui‚
539 234 623 306 qui
651 231 892 285 divinitus
938 246 1051 282 cum
1096 227 1266 301 ampla
1293 227 1381 282 illa
1408 228 1459 281 in
1488 238 1641 282 totam
1685 224 1966 280 Ecclesiam

238 330 532 384 auctoritate
575 325 830 380 institutus
857 333 947 377 est.
978 319 1229 389 Quamvis
1275 340 1390 374 vero
1430 322 1611 394 priscis
1654 311 1967 393 temporibus

238 422 606 498 Episcoporum
662 416 1016 471 translationes
1072 434 1134 469 ex
1189 413 1501 484 indulgentia
1551 412 1766 470 Sanctae
1818 410 1967 467 Sedis

242 537 271 573 a
316 512 559 572 Conciliis
603 509 1002 585 provincialibus
1047 508 1208 564 factae
1251 507 1454 577 fuerint,
1490 526 1760 581 progressu
1802 519 1969 561 tamen

238 610 498 684 temporiS,
527 606 657 662 unde
683 624 746 661 ex
779 603 1001 678 quadam
1046 603 1359 673 indulgentia
1403 613 1841 676 permanaverant,
1884 619 1966 656 eo-

238 705 351 759 dem
396 702 460 758 ob
507 700 764 756 Ecclesiae
807 698 1077 754 utilitatem
1122 708 1384 752 revocatae
1428 707 1559 751 sunt.

321 795 421 852 Sed
465 796 569 866 jam
615 794 676 848 de
720 793 944 849 cessione
989 810 1073 847 seu
1126 791 1502 846 renunciatione
1563 789 1832 844 dicendum
1874 800 1966 845 est.

237 890 456 948 Cuilibet
516 891 633 945 licet
693 887 999 959 Magistratu
1060 885 1399 941 ecclesiastico
1461 903 1512 939 se
1581 883 1856 954 abdicare,
1923 895 1973 938 et

237 987 389 1041 etiam
451 982 759 1039 Pontificatu
807 968 1062 1051 Maximo,
1106 979 1242 1055 quod
1303 977 1358 1035 S.
1405 975 1718 1034 Caelestinus
1780 977 1964 1033 Cardi-

237 1080 440 1135 nalium
483 1078 715 1133 omnium
759 1076 1001 1131 concordi
1044 1075 1260 1130 consilio
1305 1085 1350 1129 et
1393 1091 1597 1128 assensu
1660 1073 1964 1127 auctoritate

241 1173 519 1248 apostolica
562 1176 734 1229 statuit
777 1184 824 1226 et
867 1171 1108 1241 decrevit,
1137 1171 1289 1243 idque
1333 1188 1423 1226 suo
1466 1168 1696 1242 exemplo
1735 1186 1965 1243 compro-

237 1270 394 1325 bavit.
441 1267 597 1337 Quod
640 1267 895 1322 decretum
939 1266 1076 1320 inter
1120 1264 1514 1320 Constitutiones
1556 1262 1688 1317 alias
1731 1262 1802 1316 acl
1844 1279 1966 1334 per-

233 1374 445 1437 petuam.
487 1362 565 1416 rei
609 1361 912 1416 memoriam
964 1360 1026 1414 de
1085 1360 1312 1433 fratrum
1355 1376 1565 1412 suorum
1609 1357 1822 1412 consilio
1876 1356 1972 1410 du-

242 1458 326 1512 a’it
367 1455 710 1528 rediqendum
763 1454 1059 1510 Bonifacius
1103 1453 1252 1523 VIII,
1296 1466 1348 1509 ut
1405 1465 1540 1527 patet
1582 1472 1645 1508 ex
1688 1472 1802 1527 cap.
1849 1470 1974 1525 quo-

246 1555 383 1609 niam
432 1558 455 1607 1
508 1552 568 1606 de
612 1570 815 1607 renunc,
844 1551 895 1605 in
941 1555 993 1606 6.
1022 1549 1139 1617 Qua
1185 1549 1247 1604 de
1291 1568 1343 1604 re
1388 1548 1502 1605 vide
1545 1546 1826 1603 Martinum
1869 1546 1971 1603 Bo-

245 1650 479 1703 nacinam
526 1646 587 1700 de
631 1644 863 1716 leqitima
907 1644 1172 1718 Pontificis
1225 1642 1465 1698 electione
1518 1642 1651 1716 disp.
1700 1643 1725 1694 1
1777 1652 1971 1714 quaest.

248 1745 272 1796 1
326 1753 496 1816 punct.
547 1743 570 1794 1
622 1759 759 1796 num.
809 1742 902 1808 22,
946 1736 1189 1794 Azorium
1234 1737 1463 1793 Institut.
1509 1735 1701 1793 Morat.
1752 1747 1885 1810 part.
1935 1737 1969 1788 2

244 1836 335 1893 lib.
386 1840 420 1890 4
464 1856 573 1911 cap.
610 1840 663 1904 6,
707 1848 752 1890 et
796 1832 1145 1889 Christianum
1190 1831 1388 1907 Lupum
1432 1831 1490 1885 in
1524 1829 1747 1885 secunda
1776 1832 1970 1884 Prooe-

242 1931 391 1985 miali
453 1929 808 1984 dissertatione
862 1928 924 1981 (le
985 1927 1250 1983 Simoniae
1311 1925 1529 1980 crimine
1591 1935 1636 1979 et
1694 1923 1854 1978 variis
1906 1922 1977 1977 ad

246 2026 413 2097 ipsum
467 2024 802 2097 spectantibus
846 2043 957 2097 cap.
1008 2025 1040 2075 2
1085 2034 1214 2096 part.
1264 2025 1318 2091 4,
1361 2021 1448 2076 uhi
1493 2021 1750 2075 existimat
1802 2017 1975 2075 Caele-

248 2124 434 2177 stinum
477 2119 524 2173 V
568 2139 666 2174 non
710 2120 929 2192 primum
982 2117 1137 2172 fuisse
1198 2115 1525 2185 Pontificum,
1569 2116 1655 2189 qui
1698 2133 1748 2170 se
1794 2112 1972 2169 Ponti-

248 2216 398 2271 ficatu
440 2213 672 2270 Maximo
718 2213 1036 2269 abdicarunt.

329 2308 519 2364 Verum
571 2309 652 2363 his
705 2309 1095 2382 praetermissis,
1157 2307 1344 2362 nemini
1404 2305 1481 2361 fas
1542 2318 1615 2361 est
1677 2304 1972 2359 auctoritate

248 2406 454 2479 propria
499 2403 894 2457 ecclesiasticum
947 2400 1306 2472 Magistratum
1367 2401 1633 2474 deponere,
1677 2400 1721 2454 si
1780 2397 1972 2452 Roma-

249 2518 368 2553 num
413 2496 712 2553 Pontificem
739 2496 986 2568 excipias,
1013 2496 1099 2568 qui
1137 2515 1288 2569 supra
1317 2514 1367 2549 se
1395 2514 1457 2549 ex
1492 2493 1781 2549 hominibus
1825 2491 1978 2545 habet

248 2595 517 2648 neminem.
566 2590 739 2663 Itaque
779 2589 1039 2664 Episcopi,
1085 2589 1145 2643 (16
1189 2589 1372 2662 quibus
1416 2589 1712 2662 praesertim
1757 2587 1976 2656 agimus,

253 2689 398 2760 quasi
461 2686 739 2760 spiritualis
801 2684 1036 2739 adulterii
1099 2703 1208 2738 reos
1254 2703 1304 2739 se
1350 2682 1559 2752 faciunt,
1621 2683 1665 2736 si
1717 2682 1976 2755 propriam

258 2781 536 2835 Ecclesiam
582 2781 813 2835 deserant
857 2780 962 2834 sine
992 2779 1134 2832 venia
1177 2775 1476 2832 Pontificis:
1508 2794 1724 2848 namque
1769 2774 1975 2829 abdica-

251 2876 320 2930 tio
367 2873 699 2948 Episcopatus
745 2874 854 2929 fieri
897 2873 1043 2928 debet
1084 2890 1147 2927 ex
1189 2871 1414 2941 legitima
1459 2889 1609 2926 causa
1651 2868 1973 2944 Apostolicae
