2114 3289
353 106 426 159 30
603 122 719 159 οΑΡ.
763 122 814 158 11.
860 122 920 157 ne
962 121 1209 159 rom-mus
1250 123 1388 160 sums
1428 122 1673 161 canotum

349 224 498 295 Quae
539 244 653 282 cum
696 226 765 281 ita
809 244 861 280 se
903 225 1143 296 habeant,
1189 226 1461 283 videndum
1503 239 1597 298 est,
1640 245 1760 283 num
1801 247 1866 286 ex
1906 227 1995 285 ab-

270 323 463 393 rogatis
518 321 697 376 veteris
751 318 1063 375 Testamenti
1124 323 1402 395 praeceptis
1454 322 1905 378 caeremonialibus
1947 334 1995 378 et

267 414 615 485 judicialibus,
655 425 1004 483 argumentum
1048 415 1099 468 in
1144 416 1386 469 canonica
1428 416 1826 490 jurisprudentia
1871 417 1996 471 vali·-

269 508 390 563 dum
449 521 594 580 atque
653 507 830 562 efficax
889 509 1020 562 sumi
1080 509 1266 582 possit3
1328 527 1445 563 nam
1507 509 1642 581 quod
1704 513 1878 565 attinet
1928 508 1994 564 ad

270 614 531 676 praecepta
575 602 808 670 moralia,
851 620 996 656 nemo
1041 614 1170 657 certe
1216 601 1432 671 dubitat,
1460 604 1581 675 quin
1623 623 1686 657 ex
1728 605 1800 659 eis
1844 622 1994 674 argu-

269 709 433 751 menta
477 696 769 751 firmissima
810 696 1074 752 ducantur.

347 791 462 847 Jam
507 811 623 847 vero
667 812 779 847 cum
824 804 1087 865 utrumque
1130 791 1508 847 Testamentum
1552 795 1681 848 inter
1723 813 1774 848 se
1805 811 1989 849 nexum

261 888 586 959 jugatumque
642 879 748 955 sit,
792 899 896 941 tum
940 888 1058 959 quia
1103 887 1314 941 alterum
1360 887 1564 941 alterius
1611 888 1789 942 umbra
1833 899 1879 942 et
1922 889 1990 942 si-

265 980 544 1035 mulacrum
605 980 733 1049 fuit,
794 992 896 1034 tum
958 982 1076 1054 quia
1131 981 1342 1035 alterum
1385 982 1529 1036 alteri
1574 981 1834 1037 suffectum
1877 992 1991 1050 est,

265 1071 568 1129 Canonistae
611 1075 716 1129 sine
760 1074 861 1128 ulla
906 1076 1248 1129 controversia
1291 1078 1545 1144 sentiunt,
1590 1088 1883 1145 argumenta
1927 1094 1991 1131 ex

264 1171 417 1226 veteri
459 1169 781 1225 Testamento
825 1170 1122 1244 deprompta
1166 1189 1263 1224 non
1308 1190 1485 1244 parum
1532 1172 1695 1226 valere
1739 1171 1802 1226 ad
1833 1172 1989 1225 multa

263 1264 630 1319 ecclesiasticae
671 1264 1097 1338 jurisprudentiae
1141 1265 1304 1337 capita
1349 1264 1670 1334 illustranda,
1697 1278 1743 1320 et
1771 1266 1986 1339 amplius

263 1358 628 1414 confirmanda.
673 1356 774 1413 Sed
820 1359 1115 1431 praesertim
1159 1377 1221 1412 cx
1263 1370 1393 1412 statu
1435 1359 1638 1432 publico
1667 1358 1988 1430 Synagogae9

262 1454 468 1526 ejusque
521 1450 816 1507 Sacerdotio
861 1451 926 1505 ad
969 1464 1151 1507 statum
1195 1450 1480 1521 Ecclesiae,
1527 1465 1851 1526 nostrumque
1895 1451 1990 1508 Sa-

261 1548 539 1603 cerdotium
572 1558 730 1621 potest
773 1559 1122 1616 argumentum
1166 1546 1312 1615 duci3
1357 1546 1768 1620 quandoquidem
1815 1546 1988 1603 Sancti

262 1642 440 1698 Patres
469 1644 562 1697 hoc
601 1653 893 1712 argumento
938 1644 1135 1716 saepius
1180 1643 1256 1696 usi
1303 1654 1432 1697 sunt.
1479 1640 1564 1697 Sic
1607 1663 1698 1716 pro
1742 1643 1988 1714 dignitate

263 1735 553 1791 Levitarum
613 1748 659 1790 et
717 1734 1047 1790 Sacerdotum
1107 1755 1264 1790 novae
1325 1736 1450 1807 legis
1505 1749 1882 1806 argumentatur
1931 1736 1986 1794 S.

263 1829 366 1887 Leo
411 1829 485 1886 M.
532 1850 681 1887 serm.
732 1835 761 1883 8
810 1832 1031 1904 passion.
1094 1829 1243 1886 Dom.
1290 1851 1400 1904 cap.
1450 1834 1520 1899 8,
1565 1833 1635 1886 sic
1688 1851 1777 1905 pro
1830 1832 1988 1887 conti-

264 1928 430 1981 nentia
458 1924 790 1993 Clericorum‚
818 1945 1060 1998 sacroque
1095 1926 1342 1979 caelibatu
1386 1923 1440 1980 S.
1486 1924 1826 1995 Hieronymus
1871 1946 1988 1982 con-

263 2032 340 2075 tra
384 2019 642 2076 Jovinian.
689 2019 778 2074 lib.
830 2021 853 2072 1
905 2038 1041 2075 num.
1090 2022 1182 2088 34,
1227 2021 1298 2073 sic
1342 2019 1429 2074 alii
1474 2016 1671 2088 Patres,
1707 2031 1753 2074 et
1794 2023 1984 2093 passim

262 2113 317 2171 S.
364 2113 649 2189 Cyprianus
693 2115 743 2167 in
787 2116 890 2168 suis
935 2114 1179 2187 epistolis,
1242 2112 1415 2186 Itaque
1468 2113 1653 2185 dogma
1703 2113 1764 2167 de
1807 2113 1986 2170 distin-

261 2210 423 2265 ctione
481 2211 611 2265 inter
672 2206 896 2263 Clericos
958 2220 1003 2263 et
1057 2207 1239 2264 Laicos
1294 2227 1356 2262 ex
1401 2207 1533 2279 Lege
1575 2209 1727 2263 veteri
1773 2209 1985 2264 mirifice

261 2305 589 2361 confirmatur
631 2306 856 2358 instituto
900 2315 1194 2375 argumento
1222 2324 1250 2358 a
1276 2305 1408 2377 pari,
1436 2316 1487 2358 ut
1531 2305 1690 2374 ajunt,
1720 2305 1794 2359 vel
1828 2306 1979 2358 etiam

260 2420 289 2455 a
316 2400 543 2468 fortiori3
587 2418 740 2471 quare
785 2396 1120 2453 Schmetterer
1163 2396 1440 2453 Introduct.
1486 2399 1537 2451 in
1581 2397 1670 2453 Jus
1699 2396 1824 2453 Can.
1852 2398 1976 2454 diss,

259 2493 309 2548 II
353 2514 462 2568 cap.
512 2495 544 2546 2
587 2488 630 2564 S.
679 2497 787 2547 37:
832 2493 890 2547 Si
934 2492 1149 2558 eadem2
1202 2493 1400 2564 inquit,
1461 2502 1549 2544 (tut
1609 2491 1783 2565 major
1841 2492 1977 2546 racio

259 2589 425 2641 adhuc
466 2597 665 2660 puqnal
700 2605 797 2658 pro
844 2590 969 2657 Leqc
1013 2605 1173 2653 nova,
1218 2604 1370 2657 quam
1413 2587 1631 2640 obtinuit
1666 2604 1764 2658 pro
1807 2590 1853 2639 T
1854 2598 1979 2639 esta-

257 2695 423 2736 mento
465 2683 645 2748 veteri.
689 2682 809 2736 bene
853 2683 914 2734 ab
956 2681 1047 2734 hoc
1090 2681 1160 2734 acl
1202 2681 1346 2734 illam
1389 2681 1845 2752 arqunzentaberiS.
1891 2680 1976 2737 Sic

258 2780 408 2833 etiam
469 2781 518 2834 in
579 2778 957 2851 quaestionibus
1017 2777 1329 2851 explicandis
1393 2777 1781 2849 solvendisque,
1844 2791 1974 2833 recte

261 2873 445 2927 utimur
486 2872 806 2929 Testamento
851 2872 1019 2927 veteri.
1074 2871 1132 2927 Si
1174 2889 1301 2942 quae
1344 2882 1460 2924 sunt
1502 2871 1818 2942 quaestiones
1859 2890 1975 2926 con-
