2114 3289
349 132 394 207 S.
426 155 596 193 xxxv.
628 156 687 190 DE
715 155 915 192 coucn„
949 156 1201 193 GENERAL.
1234 155 1617 194 CELEBRATIONE
1696 141 1761 192 81

129 256 592 328 Hierosolymitano
643 257 774 327 (act.
811 257 916 328 15)
955 259 1313 332 Apostolorum
1343 260 1628 333 exemplum
1656 272 1703 315 et
1727 280 1842 316 nor-

54 392 62 397 ·
131 371 265 406 mam
310 352 570 408 habemus,

204 444 358 513 Quod
403 466 519 501 vero
563 446 628 500 ad
672 447 944 502 secundam
982 450 1326 520 quaestionem
1354 449 1548 517 attinet,
1576 448 1846 504 tenendum

127 552 201 595 est
219 583 235 609 a
286 549 589 613 'potestatem
652 540 881 612 suffragii
943 541 1152 596 decisivi
1205 540 1398 596 ferendi
1442 561 1526 597 seu
1571 542 1844 598 definiendi

125 633 245 689 solis
288 633 553 707 Episcopis
599 635 840 690 divinitus
884 655 1175 690 concessam
1218 655 1343 692 esse.
1407 635 1535 692 Cum
1587 638 1721 691 enim
1763 637 1844 708 jus

124 727 397 783 definiendi
439 749 516 798 ea,
561 748 688 802 quae
731 729 1002 798 credenda,
1047 749 1234 802 quaeve
1280 731 1474 801 agenda
1518 743 1650 801 sunt,
1685 751 1713 787 a
1757 752 1845 806 po-

122 832 296 876 testate
338 823 576 896 pascendi
622 824 928 896 regendique
972 824 1359 898 proficiscatur,
1403 827 1439 880 ii
1484 838 1712 896 tantum,
1757 827 1844 899 qui

120 917 229 986 jure
290 916 463 973 divino
526 916 764 973 Pastores
824 930 870 972 et
928 917 1172 974 Doctores
1222 919 1271 973 in
1315 917 1543 975 Ecclesia
1587 922 1842 977 constituti

120 1024 252 1080 sunt9
296 1012 470 1066 eodem
512 1014 622 1083 jure
666 1012 839 1068 divino
891 1013 1188 1083 suffragium
1232 1012 1414 1082 ferunt9
1457 1016 1842 1088 propositasque

118 1108 434 1178 quaestiones
478 1106 738 1162 definiunt.
785 1106 1094 1177 Hujusmodi
1139 1127 1254 1162 vero
1299 1120 1411 1163 sunt
1454 1108 1693 1182 Episcopi
1722 1110 1838 1179 soli,

120 1200 303 1273 quibus
349 1200 538 1256 dictum
582 1213 688 1257 est:
734 1200 990 1254 Attendite
1032 1201 1188 1270 vobis,
1232 1214 1276 1255 el
1316 1201 1555 1256 ‘universo
1598 1202 1839 1273 9r09²⁶22⁹²l

122 1312 221 1365 quo
263 1314 347 1348 vos
391 1295 616 1367 Spiritus
658 1299 876 1351 Sanetus
912 1294 1090 1367 posuit
1131 1295 1409 1368 Episcopos
1450 1315 1620 1368 regere
1663 1298 1836 1351 Eccle-

116 1390 247 1445 siam
307 1391 421 1446 Dei.
484 1389 810 1466 Quapropter
851 1391 1090 1465 Episcopi
1134 1393 1185 1446 in
1230 1390 1475 1448 Conciliis
1518 1394 1837 1464 generalibus

116 1504 213 1540 non
274 1486 589 1555 consiliarii„
639 1505 737 1540 non
783 1486 1130 1555 consultores,
1175 1486 1262 1541 sed
1307 1489 1411 1541 veri
1452 1488 1646 1558 judices
1691 1501 1836 1544 sunt:

114 1590 261 1651 atque
321 1578 445 1634 adeo
507 1580 763 1653 praeclare
816 1579 1005 1634 dictum
1055 1593 1127 1634 est
1171 1601 1199 1635 a
1242 1580 1554 1637 Bellarmino
1600 1582 1661 1636 de
1705 1581 1838 1638 Con-

113 1674 243 1727 ciliis
287 1672 542 1728 Ecclesiae
584 1673 674 1729 lib.
720 1672 742 1727 I
786 1694 896 1748 cap.
953 1676 1062 1743 18„
1117 1694 1403 1728 consessam
1463 1676 1835 1749 Episcoperizm

110 1767 167 1820 in
211 1769 450 1822 Conrilz'z‘s
494 1768 736 1839 leyicimis
780 1787 878 1822 esse
922 1788 1098 1822 reruni.
1137 1770 1383 1841 judicant
1428 1789 1727 1828 consessum.

189 1859 398 1918 Praeter
455 1862 734 1937 Episcopos
779 1865 938 1918 solent
981 1865 1184 1937 insuper
1228 1862 1527 1919 Cardinales
1573 1885 1668 1920 non
1713 1865 1835 1940 Epi-

111 1959 270 2031 scopi,
307 1956 550 2026 Abbates„
595 1970 640 2012 et
683 1956 970 2032 Praepositi
1013 1959 1269 2029 generales
1315 1957 1569 2014 Ordinem
1613 1958 1834 2030 Regula-

108 2051 238 2105 rium
267 2051 563 2122 suffragium
608 2052 756 2120 ferre„
788 2054 972 2125 quippe
1017 2054 1102 2124 qui
1146 2053 1496 2121 jurisdictione
1540 2055 1685 2126 quasi
1728 2057 1832 2128 epi-

107 2146 299 2219 scopali
351 2148 625 2218 potiuntur.
689 2144 789 2201 Sed
833 2166 894 2200 ex
939 2166 1075 2200 mera
1119 2146 1374 2201 Ecclesiae
1419 2150 1740 2203 concessione
1785 2160 1830 2204 et

105 2241 372 2313 privilegio
410 2239 462 2294 id
506 2239 692 2294 factum
736 2253 828 2309 est9
858 2253 907 2294 ut
952 2260 1103 2313 quam
1148 2241 1434 2296 facultatem
1481 2244 1527 2295 vi
1572 2244 1829 2298 characte-

106 2335 176 2389 ris
220 2353 317 2389 non
362 2334 566 2402 habent9
610 2334 837 2389 eamdem
885 2337 930 2389 vi
977 2335 1236 2405 dignitatis
1282 2336 1579 2392 obtinerent.

184 2425 447 2502 Principes
508 2429 713 2502 insuper
772 2442 817 2484 et
879 2427 1212 2503 Imperatores
1267 2430 1341 2483 vel
1395 2449 1483 2503 per
1525 2449 1576 2484 se
1622 2431 1695 2484 vel
1737 2450 1827 2504 per

103 2540 217 2577 suos
261 2520 477 2593 Legatos
522 2522 696 2577 adesse
739 2521 982 2579 Consiliis
1044 2524 1362 2593 generalibus
1424 2537 1822 2593 consueverunt,

101 2634 199 2671 non
258 2617 462 2690 quidem
518 2629 776 2690 tamquam
817 2618 1048 2688 judices,
1094 2629 1145 2671 ut
1189 2619 1263 2673 vel
1307 2618 1367 2671 de
1414 2618 1527 2672 fidei
1574 2617 1824 2687 dogmati-

102 2708 215 2778 bus,
244 2711 318 2765 vel
346 2711 406 2765 de
444 2711 590 2766 iebus
634 2713 987 2766 ecclesiasticis
1031 2714 1327 2766 sententiam
1371 2712 1617 2765 diceieut:
1665 2713 1819 2784 N'efas

104 2813 174 2856 est
216 2804 382 2870 eni.n‚
427 2806 594 2877 ajebat
636 2805 957 2861 Pheodosius
1002 2808 1173 2876 junioi
1215 2808 1266 2861 in
1308 2807 1452 2878 epist
1500 2805 1563 2859 ad
1608 2804 1822 2879 Ephesi-

0 2866 21 2984 i
101 2915 217 2952 nam
262 2895 560 2968 Synodum‚
620 2899 710 2971 qui
771 2903 864 2956 SS.
911 2900 1283 2971 Episcopomm
1335 2898 1565 2971 cataloqo
1623 2900 1820 2955 admi-

1351 2999 1376 3046 7
