2114 3289
1 2826 43 2879 ..ἃ

1708 112 1772 160 77

749 245 829 312 DE
900 244 1246 313 GONGlhllS

909 427 954 503 §.
1003 436 1094 487 33.

533 555 605 600 DE
644 552 1045 601 CONCILIORUM
1081 552 1456 599 DEFINITIONE

213 702 517 772 Concilium,
579 704 622 758 si
682 703 783 757 vim
859 703 1078 758 nominis
1157 712 1367 774 spectes,
1444 712 1518 754 est
1594 700 1857 755 hominum

133 798 401 853 multitudo
444 800 495 852 in
555 816 708 851 unum
769 796 936 852 locum
996 796 1062 850 ad
1121 794 1482 850 consulendum
1535 805 1855 864 congregata.

132 889 304 965 Itaque
347 890 564 947 Concilii
608 893 808 946 nomine
850 892 902 945 in
945 910 997 945 re
1041 890 1380 945 ecclesiastica
1427 890 1559 943 venit
1585 898 1856 942 conventus

133 986 506 1042 catholicorum
565 987 869 1041 Antiscitum
939 987 1009 1041 ad
1068 984 1271 1056 negotia
1325 984 1471 1058 fidei,
1530 1003 1755 1050 morum)
1815 992 1860 1036 ee

134 1081 443 1153 disciplinae
488 1082 765 1136 tractanda
808 1081 902 1134 rite
944 1080 1265 1152 leqitimeque
1310 1079 1606 1135 celebratius,
1635 1078 1716 1133 Ex
1757 1097 1857 1151 qua

134 1176 424 1232 definitione
468 1177 787 1248 consequitur
849 1173 931 1232 1.Ο
978 1195 1006 1230 a
1064 1175 1185 1229 solis
1230 1173 1484 1228 Ecclesiae
1536 1172 1858 1227 Antistitibus

135 1271 473 1325 ecclesiastica
517 1268 746 1325 Concilia
791 1270 1054 1337 celebrari,
1099 1287 1197 1323 non
1241 1270 1359 1322 item
1404 1287 1431 1321 a
1474 1267 1640 1336 laicis,
1675 1266 1857 1339 quibus

136 1365 326 1419 nullum
388 1364 617 1435 suffragii
676 1365 755 1434 jus
815 1365 866 1418 in
928 1361 1151 1433 Synodis
1213 1381 1319 1417 esse
1387 1373 1569 1435 potest3
1644 1379 1860 1433 namque

135 1470 352 1533 potestas
397 1478 617 1515 GLAVIUM
662 1460 712 1513 in
755 1459 889 1514 solos
933 1456 1197 1513 Antistites
1242 1457 1482 1512 (livinitus
1541 1456 1723 1511 collata
1766 1468 1857 1511 est.

137 1550 269 1609 Sane
299 1555 350 1608 in
395 1551 624 1609 Concilio
656 1551 1014 1626 Apostolorum
1043 1551 1105 1606 de
1131 1552 1473 1607 controversia
1501 1550 1741 1622 legalium
1772 1551 1862 1604 ha-

132 1647 238 1703 bito
282 1667 460 1729 TACUIJ
523 1667 678 1703 onms
720 1666 1028 1716 MULTITUDO,
1059 1658 1106 1701 et
1151 1645 1383 1720 Apostoli
1427 1656 1574 1718 atque
1619 1643 1856 1700 Seniores

137 1743 433 1797 sententiam
477 1742 729 1798 dixerunt.
777 1739 1116 1814 Consequitur
1162 1737 1244 1796 20
1289 1759 1388 1795 non
1433 1758 1630 1794 omnem
1666 1751 1860 1794 coetum

134 1835 502 1911 Episcoporum
545 1837 826 1907 legitimum
870 1834 1156 1892 Concilium
1199 1854 1325 1904 esse,
1352 1834 1439 1889 sed
1474 1835 1616 1888 illum
1647 1845 1858 1902 tantum,

135 1952 233 2006 quo
277 1933 447 1988 debita
491 1931 709 1988 Concilii
753 1933 975 1987 habendi
1020 1932 1184 1987 forma
1228 1943 1424 1986 servata
1476 1933 1557 1987 sit.

215 2026 274 2082 Id
335 2047 450 2084 vero
512 2040 670 2083 totum
730 2027 864 2100 quod
925 2027 1229 2082 servandum
1290 2037 1398 2094 est9
1461 2037 1513 2079 ut
1575 2023 1862 2081 Concilium

136 2125 228 2178 rite
272 2125 539 2192 habeatur,
583 2124 647 2177 ad
690 2125 787 2178 tria
830 2124 1097 2197 praecipue
1158 2123 1323 2195 capita
1385 2133 1666 2190 revocatur,
1725 2140 1863 2175 nem-

135 2237 194 2292 pe
238 2219 302 2273 ad
347 2218 776 2284 convocationem,
822 2218 886 2272 ad
938 2216 1348 2283 celebrationem,
1392 2228 1438 2270 et
1481 2216 1546 2270 ad
1590 2216 1860 2289 confirma-

136 2312 346 2379 tionem,
392 2313 452 2367 de
495 2313 676 2385 quibus
722 2313 1158 2386 pertractabimus,

903 2484 950 2560 g,
1001 2492 1092 2544 34.

295 2626 386 2670 DE·
406 2625 804 2671 CONCILIORUM
840 2626 1217 2671 GENERALlUM
1248 2624 1698 2672 CONVOCATIONE

219 2785 298 2840 Ad
342 2787 570 2843 Concilia
613 2789 866 2859 generalia
925 2791 1143 2844 universi
1198 2789 1461 2843 christiani
1521 2786 1658 2842 orbis
1713 2786 1860 2861 Epis-

142 2882 253 2953 copi
298 2883 465 2936 vocari
509 2883 704 2938 debent.
751 2882 815 2936 At
858 2904 1054 2940 necesse
1099 2902 1195 2937 nou
1239 2895 1330 2947 est„
1368 2894 1414 2935 ut
1457 2901 1627 2938 omnes
1656 2883 1859 2937 omnino
