2114 3289
1652 105 1757 156 143

885 222 930 299 §-
978 232 1069 283 37.

327 362 403 411 DE
438 363 577 410 JURE
615 362 900 410 MITTENDI
937 362 1198 412 LEGATOS
1235 361 1345 408 SEU
1382 359 1640 409 NUNTIOS

204 511 381 570 Prima
423 509 728 583 Legatorum
771 510 958 568 divisio
1001 524 1094 581 est,
1120 510 1256 584 quod
1292 511 1381 566 alii
1425 506 1843 564 eoetraordinarii

126 608 246 677 sint,
289 607 379 663 alii
414 607 697 663 ordinarii.
743 604 1155 662 Extraordinarii
1198 606 1462 660 mittuntur
1487 603 1552 660 ad
1595 603 1845 678 peculiare

125 702 381 773 negotium
423 700 811 776 expediendum,
855 717 1069 773 quorum
1111 699 1324 773 proinde
1351 699 1572 754 officium
1614 697 1845 754 absoluto

126 797 326 867 negotio
369 797 585 870 expirat.
631 793 707 851 Ita
766 794 1001 852 Zosimus
1046 792 1286 851 Pontifex
1328 791 1383 849 S.
1412 790 1750 864 Augustinum
1793 792 1846 846 in

125 887 508 946 Caesariensem
550 888 891 945 Mauritaniae
918 890 1173 945 civitatem
1208 888 1393 959 legavit
1417 888 1530 944 :sic
1574 884 1846 942 Pontifices

127 984 194 1040 ad
238 984 462 1056 cogenda
506 983 759 1056 generalia
803 981 1053 1053 Concilia,
1097 984 1268 1056 eisque
1302 980 1714 1057 praesidendum,
1756 979 1852 1035 Le-

129 1090 274 1150 gatos
319 1098 466 1154 saepe
509 1081 770 1135 miserunt.
815 1078 1082 1135 Ordinarii
1125 1089 1257 1146 sunt,
1301 1077 1387 1150 qui
1430 1095 1528 1132 non
1572 1075 1724 1131 alicui
1767 1095 1850 1149 pe-

128 1174 309 1229 culiari
352 1176 553 1245 negotio
597 1173 809 1243 addicti,
852 1171 940 1228 sed
984 1171 1049 1228 ad
1093 1190 1433 1246 quascumque
1477 1189 1654 1226 causas
1697 1169 1852 1225 eccle-

127 1269 359 1324 siasticas
403 1270 686 1338 mittuntur,
729 1286 944 1342 quorum
1004 1266 1216 1341 proinde
1277 1266 1496 1321 officium
1557 1263 1849 1319 diuturnum

134 1375 209 1418 est
252 1373 399 1435 atque
440 1374 752 1436 perpetuum.
797 1359 962 1432 Hujus
1004 1362 1202 1432 generis
1251 1359 1451 1415 fuerunt
1492 1356 1852 1432 ResponsaleS,

128 1476 214 1513 seu
257 1455 600 1528 Apocrisarii,
644 1456 729 1529 qui
756 1455 958 1513 assidue
986 1453 1120 1530 apud
1156 1453 1424 1529 Principes
1468 1451 1647 1524 Legati
1689 1464 1851 1521 erant,

126 1563 181 1606 ut
222 1552 392 1607 omnia
419 1568 563 1627 >qtvlae
588 1561 899 1622 emergerent
941 1550 1141 1622 negotia
1183 1547 1497 1623 expedirent,
1523 1558 1570 1603 et
1612 1545 1854 1621 responsa

128 1665 216 1702 seu
256 1645 496 1701 mandata
525 1632 889 1719 exequerentur
929 1662 1123 1714 eorum,
1167 1664 1196 1699 a
1222 1643 1404 1716 quibus
1449 1644 1593 1698 missi
1636 1641 1851 1697 fuerant.

131 1738 328 1796 Horum
371 1741 619 1811 originem
661 1737 970 1794 Hincmarus
1012 1736 1318 1792 Rhemensis
1344 1748 1465 1792 tom.
1511 1734 1689 1810 Ipart.
1739 1739 1850 1790 206

132 1833 336 1889 deducit
377 1833 442 1888 ab
477 1844 636 1889 aetate
680 1830 1000 1889 Constantini
1041 1829 1256 1903 Magni:
1301 1850 1364 1886 ex
1389 1850 1488 1904 quo
1532 1832 1852 1904 perspicuum

127 1939 221 1999 est,
260 1929 346 1984 vix
388 1927 508 1983 data
551 1925 808 1983 Ecclesiae
850 1946 994 2001 pace,
1036 1926 1310 1997 legationes
1355 1925 1561 1981 stabiles
1607 1925 1849 1979 extitisse.

131 2020 201 2078 At
258 2033 455 2098 praeter
515 2019 909 2097 ApocrisarioS,
971 2022 1057 2095 qui
1100 2021 1153 2075 in
1212 2020 1328 2076 aula
1388 2020 1527 2091 regia
1588 2017 1858 2075 moraban-

132 2129 231 2187 tur,
267 2135 447 2172 munus
490 2116 757 2187 legationis
792 2115 990 2173 stabilis
1035 2113 1343 2189 quibusdam
1386 2113 1683 2169 dissitarum
1709 2125 1856 2186 atque

132 2213 406 2268 illustrium
449 2213 709 2267 civitatum
753 2209 1019 2286 Episcopis
1061 2208 1286 2266 Romani
1337 2207 1612 2266 Pontifices
1656 2226 1858 2264 concre-

134 2306 389 2376 diderunt„
432 2306 517 2379 qui
568 2305 766 2363 Vicarii
826 2303 1106 2378 Apostolici
1157 2304 1321 2360 vocati
1372 2313 1506 2373 sunt,
1558 2302 1724 2376 qualis
1766 2301 1860 2356 fuit

136 2400 424 2456 Vicariatus
490 2399 961 2457 Thessalonicensis
1026 2400 1079 2455 in
1139 2396 1367 2470 Illyrico,
1437 2394 1749 2453 Arelatensis
1807 2396 1861 2450 in

137 2495 326 2553 Gallia.
387 2495 452 2551 At
511 2496 708 2552 saeculo
769 2494 1026 2552 Ecclesiae
1087 2492 1164 2551 IX
1231 2494 1519 2550 Vicariatus
1577 2489 1860 2566 Apostolici

138 2593 354 2647 rariores
381 2602 664 2660 evaserunt,
692 2609 754 2645 ex
774 2591 936 2664 iisque
962 2591 1210 2661 originem
1236 2608 1379 2645 suam
1407 2588 1655 2642 duxerunt
1681 2585 1861 2657 Leqati

139 2687 273 2751 nati,
315 2688 402 2760 qui
462 2684 805 2741 Ecclesiarum
866 2703 1071 2741 suarum
1132 2696 1391 2758 praetextu
1444 2682 1709 2753 legationis
1762 2680 1862 2736 sibi

142 2779 396 2835 vindicant
457 2780 752 2852 dignitatem
809 2776 954 2854 (cap.
1003 2784 1055 2836 9.
1102 2779 1163 2835 de
1223 2774 1484 2848 Legatis).
1547 2774 1674 2831 Cum
1727 2777 1860 2831 enim

144 2870 359 2929 Romani
401 2872 673 2932 Pontifices
702 2875 916 2934 solerent
958 2874 1238 2950 Episcopos
1275 2871 1611 2946 quarumdam
1656 2870 1862 2927 illustri-
