<?xml version="1.0" encoding="UTF-8"?>
<!DOCTYPE html PUBLIC "-//W3C//DTD XHTML 1.0 Transitional//EN"
    "http://www.w3.org/TR/xhtml1/DTD/xhtml1-transitional.dtd">
<html xmlns="http://www.w3.org/1999/xhtml" xml:lang="en" lang="en">
 <head>
  <title>
</title>
<meta http-equiv="Content-Type" content="text/html;charset=utf-8" />
  <meta name='ocr-system' content='tesseract 3.04.00' />
  <meta name='ocr-capabilities' content='ocr_page ocr_carea ocr_par ocr_line ocrx_word'/>
</head>
<body>
  <div class='ocr_page' id='page_1' title='image "./joanniscardinali00sogl_0119.png"; bbox 0 0 2114 3289; ppageno 0'>
   <div class='ocr_carea' id='block_1_1' title="bbox 533 127 1778 203">
    <p class='ocr_par' dir='ltr' id='par_1_1' title="bbox 533 127 1778 203">
     <span class='ocr_line' id='line_1_1' title="bbox 533 127 1778 203; baseline 0 -16"><span class='ocrx_word' id='word_1_1' title='bbox 533 127 578 203; x_wconf 76' lang='lat'><em>§.</em></span> <span class='ocrx_word' id='word_1_2' title='bbox 624 151 668 187; x_wconf 84' lang='lat' dir='ltr'><em>L.</em></span> <span class='ocrx_word' id='word_1_3' title='bbox 716 149 775 186; x_wconf 84' lang='lat' dir='ltr'><em>DE</em></span> <span class='ocrx_word' id='word_1_4' title='bbox 818 150 1244 188; x_wconf 60' lang='lat' dir='ltr'><em>coniechouissus</em></span> <span class='ocrx_word' id='word_1_5' title='bbox 1287 150 1481 188; x_wconf 77' lang='lat' dir='ltr'><em>LA&#39;rile</em></span> <span class='ocrx_word' id='word_1_6' title='bbox 1674 135 1778 187; x_wconf 88' lang='grc'><em>117</em></span> 
     </span>
    </p>
   </div>
   <div class='ocr_carea' id='block_1_2' title="bbox 126 253 1864 874">
    <p class='ocr_par' dir='ltr' id='par_1_2' title="bbox 126 253 1864 874">
     <span class='ocr_line' id='line_1_2' title="bbox 132 253 1861 324; baseline 0.002 -19"><span class='ocrx_word' id='word_1_7' title='bbox 132 253 373 324; x_wconf 67' lang='lat' dir='ltr'><em>Eoeiquus</em></span> <span class='ocrx_word' id='word_1_8' title='bbox 414 253 699 307; x_wconf 74' lang='lat' dir='ltr'><em>collectioni</em></span> <span class='ocrx_word' id='word_1_9' title='bbox 741 272 862 308; x_wconf 76' lang='lat' dir='ltr'><em>suae</em></span> <span class='ocrx_word' id='word_1_10' title='bbox 904 253 1199 307; x_wconf 75' lang='lat' dir='ltr'><em>inserendos</em></span> <span class='ocrx_word' id='word_1_11' title='bbox 1242 253 1416 310; x_wconf 63' lang='lat' dir='ltr'><em>dimit.</em></span> <span class='ocrx_word' id='word_1_12' title='bbox 1471 254 1628 310; x_wconf 79' lang='lat' dir='ltr'><em>Verbo</em></span> <span class='ocrx_word' id='word_1_13' title='bbox 1665 254 1861 321; x_wconf 73' lang='lat' dir='ltr'><em>dicam,</em></span> 
     </span>
     <span class='ocr_line' id='line_1_3' title="bbox 126 347 1858 419; baseline 0.002 -19"><span class='ocrx_word' id='word_1_14' title='bbox 126 363 327 417; x_wconf 73' lang='lat' dir='ltr'><em>purum</em></span> <span class='ocrx_word' id='word_1_15' title='bbox 377 357 564 418; x_wconf 75' lang='lat' dir='ltr'><em>putum</em></span> <span class='ocrx_word' id='word_1_16' title='bbox 625 357 694 400; x_wconf 77' lang='lat' dir='ltr'><em>est</em></span> <span class='ocrx_word' id='word_1_17' title='bbox 753 347 1106 418; x_wconf 77' lang='lat' dir='ltr'><em>Dionysicmae</em></span> <span class='ocrx_word' id='word_1_18' title='bbox 1164 347 1472 402; x_wconf 78' lang='lat' dir='ltr'><em>collectionis</em></span> <span class='ocrx_word' id='word_1_19' title='bbox 1531 358 1858 419; x_wconf 70' lang='lat' dir='ltr'><em>seqmenttmi.</em></span> 
     </span>
     <span class='ocr_line' id='line_1_4' title="bbox 131 437 1862 512; baseline 0.001 -18"><span class='ocrx_word' id='word_1_20' title='bbox 131 437 430 495; x_wconf 89' lang='lat' dir='ltr'><em>Collectioni</em></span> <span class='ocrx_word' id='word_1_21' title='bbox 472 438 707 511; x_wconf 83' lang='lat' dir='ltr'><em>Dionysii</em></span> <span class='ocrx_word' id='word_1_22' title='bbox 752 440 939 512; x_wconf 78' lang='lat' dir='ltr'><em>Exigui</em></span> <span class='ocrx_word' id='word_1_23' title='bbox 983 440 1326 496; x_wconf 89' lang='lat' dir='ltr'><em>additamenta</em></span> <span class='ocrx_word' id='word_1_24' title='bbox 1386 442 1518 497; x_wconf 87' lang='lat' dir='ltr'><em>facta</em></span> <span class='ocrx_word' id='word_1_25' title='bbox 1579 453 1694 497; x_wconf 88' lang='lat' dir='ltr'><em>sunt</em></span> <span class='ocrx_word' id='word_1_26' title='bbox 1758 453 1862 496; x_wconf 91' lang='lat' dir='ltr'><em>tum</em></span> 
     </span>
     <span class='ocr_line' id='line_1_5' title="bbox 132 533 1856 608; baseline 0.001 -21"><span class='ocrx_word' id='word_1_27' title='bbox 132 534 183 587; x_wconf 88' lang='lat' dir='ltr'><em>in</em></span> <span class='ocrx_word' id='word_1_28' title='bbox 226 533 419 606; x_wconf 76' lang='lat' dir='ltr'><em>priori,</em></span> <span class='ocrx_word' id='word_1_29' title='bbox 466 545 569 588; x_wconf 91' lang='lat' dir='ltr'><em>tum</em></span> <span class='ocrx_word' id='word_1_30' title='bbox 613 535 664 588; x_wconf 92' lang='lat' dir='ltr'><em>in</em></span> <span class='ocrx_word' id='word_1_31' title='bbox 706 535 974 607; x_wconf 77' lang='lat' dir='ltr'><em>posteriori</em></span> <span class='ocrx_word' id='word_1_32' title='bbox 1017 546 1156 608; x_wconf 86' lang='lat' dir='ltr'><em>parte</em></span> <span class='ocrx_word' id='word_1_33' title='bbox 1199 554 1287 608; x_wconf 88' lang='lat' dir='ltr'><em>per</em></span> <span class='ocrx_word' id='word_1_34' title='bbox 1347 535 1630 591; x_wconf 87' lang='lat' dir='ltr'><em>studiosum</em></span> <span class='ocrx_word' id='word_1_35' title='bbox 1684 553 1856 608; x_wconf 89' lang='lat' dir='ltr'><em>quem-</em></span> 
     </span>
     <span class='ocr_line' id='line_1_6' title="bbox 132 627 1856 704; baseline 0.003 -25"><span class='ocrx_word' id='word_1_36' title='bbox 132 627 270 699; x_wconf 89' lang='lat' dir='ltr'><em>piam</em></span> <span class='ocrx_word' id='word_1_37' title='bbox 333 627 589 681; x_wconf 88' lang='lat' dir='ltr'><em>hominem</em></span> <span class='ocrx_word' id='word_1_38' title='bbox 650 628 814 682; x_wconf 90' lang='lat' dir='ltr'><em>adhuc</em></span> <span class='ocrx_word' id='word_1_39' title='bbox 882 629 1129 697; x_wconf 77' lang='lat' dir='ltr'><em>ignotum,</em></span> <span class='ocrx_word' id='word_1_40' title='bbox 1192 648 1290 683; x_wconf 89' lang='lat' dir='ltr'><em>non</em></span> <span class='ocrx_word' id='word_1_41' title='bbox 1353 649 1467 684; x_wconf 84' lang='lat' dir='ltr'><em>vero</em></span> <span class='ocrx_word' id='word_1_42' title='bbox 1529 648 1617 704; x_wconf 88' lang='lat' dir='ltr'><em>per</em></span> <span class='ocrx_word' id='word_1_43' title='bbox 1691 630 1856 704; x_wconf 89' lang='lat' dir='ltr'><em>ipsum</em></span> 
     </span>
     <span class='ocr_line' id='line_1_7' title="bbox 135 717 1861 792; baseline 0.003 -20"><span class='ocrx_word' id='word_1_44' title='bbox 135 717 434 775; x_wconf 85' lang='lat' dir='ltr'><em>Pontificem</em></span> <span class='ocrx_word' id='word_1_45' title='bbox 496 719 797 789; x_wconf 75' lang='lat' dir='ltr'><em>Adriaiium,</em></span> <span class='ocrx_word' id='word_1_46' title='bbox 862 723 1092 792; x_wconf 88' lang='lat' dir='ltr'><em>quamvis</em></span> <span class='ocrx_word' id='word_1_47' title='bbox 1155 742 1211 777; x_wconf 92' lang='lat' dir='ltr'><em>ea</em></span> <span class='ocrx_word' id='word_1_48' title='bbox 1273 723 1499 779; x_wconf 79' lang='lat' dir='ltr'><em>collectio</em></span> <span class='ocrx_word' id='word_1_49' title='bbox 1577 726 1648 779; x_wconf 91' lang='lat' dir='ltr'><em>sic</em></span> <span class='ocrx_word' id='word_1_50' title='bbox 1718 736 1861 779; x_wconf 84' lang='lat' dir='ltr'><em>aucta</em></span> 
     </span>
     <span class='ocr_line' id='line_1_8' title="bbox 135 813 1864 874; baseline 0.003 -7"><span class='ocrx_word' id='word_1_51' title='bbox 135 814 291 870; x_wconf 77' lang='lat' dir='ltr'><em>soleat</em></span> <span class='ocrx_word' id='word_1_52' title='bbox 335 813 577 870; x_wconf 72' lang='lat' dir='ltr'><em>Adriano</em></span> <span class='ocrx_word' id='word_1_53' title='bbox 621 818 808 871; x_wconf 85' lang='lat' dir='ltr'><em>vocari.</em></span> <span class='ocrx_word' id='word_1_54' title='bbox 854 814 1056 872; x_wconf 86' lang='lat' dir='ltr'><em>Passim</em></span> <span class='ocrx_word' id='word_1_55' title='bbox 1107 819 1257 873; x_wconf 86' lang='lat' dir='ltr'><em>etiam</em></span> <span class='ocrx_word' id='word_1_56' title='bbox 1320 831 1494 873; x_wconf 80' lang='lat' dir='ltr'><em>vocata</em></span> <span class='ocrx_word' id='word_1_57' title='bbox 1555 831 1628 874; x_wconf 89' lang='lat' dir='ltr'><em>est</em></span> <span class='ocrx_word' id='word_1_58' title='bbox 1688 820 1864 874; x_wconf 73' lang='lat' dir='ltr'><em>Cocleoc</em></span> 
     </span>
    </p>
   </div>
   <div class='ocr_carea' id='block_1_3' title="bbox 137 910 1855 1077">
    <p class='ocr_par' dir='ltr' id='par_1_3' title="bbox 137 910 1855 1077">
     <span class='ocr_line' id='line_1_9' title="bbox 137 910 1855 982; baseline 0.004 -21"><span class='ocrx_word' id='word_1_59' title='bbox 137 910 424 979; x_wconf 54' lang='lat' dir='ltr'><em>Canopum</em></span> <span class='ocrx_word' id='word_1_60' title='bbox 467 929 618 982; x_wconf 82' lang='lat' dir='ltr'><em>quam</em></span> <span class='ocrx_word' id='word_1_61' title='bbox 663 929 767 965; x_wconf 89' lang='lat' dir='ltr'><em>rem</em></span> <span class='ocrx_word' id='word_1_62' title='bbox 829 910 973 966; x_wconf 86' lang='lat' dir='ltr'><em>docte</em></span> <span class='ocrx_word' id='word_1_63' title='bbox 1016 912 1235 967; x_wconf 88' lang='lat' dir='ltr'><em>illustrat</em></span> <span class='ocrx_word' id='word_1_64' title='bbox 1294 910 1473 968; x_wconf 89' lang='lat' dir='ltr'><em>Petrus</em></span> <span class='ocrx_word' id='word_1_65' title='bbox 1534 911 1855 969; x_wconf 77' lang='lat' dir='ltr'><em>Constantius</em></span> 
     </span>
     <span class='ocr_line' id='line_1_10' title="bbox 138 1001 932 1077; baseline 0.006 -22"><span class='ocrx_word' id='word_1_66' title='bbox 138 1002 191 1056; x_wconf 90' lang='lat' dir='ltr'><em>in</em></span> <span class='ocrx_word' id='word_1_67' title='bbox 234 1001 369 1057; x_wconf 92' lang='lat' dir='ltr'><em>dicta</em></span> <span class='ocrx_word' id='word_1_68' title='bbox 412 1004 570 1077; x_wconf 83' lang='lat' dir='ltr'><em>praef.</em></span> <span class='ocrx_word' id='word_1_69' title='bbox 616 1023 752 1060; x_wconf 87' lang='lat' dir='ltr'><em>num.</em></span> <span class='ocrx_word' id='word_1_70' title='bbox 803 1006 932 1060; x_wconf 88' lang='lat'>131.</span> 
     </span>
    </p>
   </div>
   <div class='ocr_carea' id='block_1_4' title="bbox 404 1176 1573 1367">
    <p class='ocr_par' dir='ltr' id='par_1_4' title="bbox 404 1176 1573 1367">
     <span class='ocr_line' id='line_1_11' title="bbox 913 1176 1097 1252; baseline 0.016 -17"><span class='ocrx_word' id='word_1_71' title='bbox 913 1176 958 1252; x_wconf 65' lang='lat'><em>§³</em></span> <span class='ocrx_word' id='word_1_72' title='bbox 1006 1185 1097 1238; x_wconf 83' lang='lat'><em>51.</em></span> 
     </span>
     <span class='ocr_line' id='line_1_12' title="bbox 404 1318 1573 1367; baseline 0.004 -5"><span class='ocrx_word' id='word_1_73' title='bbox 404 1318 474 1363; x_wconf 78' lang='lat' dir='ltr'><em>DE</em></span> <span class='ocrx_word' id='word_1_74' title='bbox 513 1319 910 1364; x_wconf 83' lang='lat' dir='ltr'>COLLECTIONE</span> <span class='ocrx_word' id='word_1_75' title='bbox 952 1318 1166 1365; x_wconf 81' lang='lat' dir='ltr'>ISIDORI</span> <span class='ocrx_word' id='word_1_76' title='bbox 1203 1320 1573 1367; x_wconf 80' lang='lat' dir='ltr'><strong>MERCATORIS</strong></span> 
     </span>
    </p>
   </div>
   <div class='ocr_carea' id='block_1_5' title="bbox 123 1477 1859 3041">
    <p class='ocr_par' dir='ltr' id='par_1_5' title="bbox 129 1477 1859 2308">
     <span class='ocr_line' id='line_1_13' title="bbox 214 1477 1858 1553; baseline 0.004 -19"><span class='ocrx_word' id='word_1_77' title='bbox 214 1477 456 1535; x_wconf 87' lang='lat' dir='ltr'><em>Collectio</em></span> <span class='ocrx_word' id='word_1_78' title='bbox 499 1498 766 1550; x_wconf 69' lang='lat' dir='ltr'><em>canonum,</em></span> <span class='ocrx_word' id='word_1_79' title='bbox 809 1500 936 1553; x_wconf 87' lang='lat' dir='ltr'><em>quae</em></span> <span class='ocrx_word' id='word_1_80' title='bbox 987 1479 1174 1537; x_wconf 83' lang='lat' dir='ltr'><em>Isidori</em></span> <span class='ocrx_word' id='word_1_81' title='bbox 1234 1481 1535 1539; x_wconf 87' lang='lat' dir='ltr'><em>Mercatoris</em></span> <span class='ocrx_word' id='word_1_82' title='bbox 1599 1485 1673 1540; x_wconf 92' lang='lat' dir='ltr'><em>vel</em></span> <span class='ocrx_word' id='word_1_83' title='bbox 1734 1483 1858 1540; x_wconf 90' lang='lat' dir='ltr'><em>Pec-</em></span> 
     </span>
     <span class='ocr_line' id='line_1_14' title="bbox 132 1574 1856 1652; baseline 0.003 -25"><span class='ocrx_word' id='word_1_84' title='bbox 132 1575 316 1629; x_wconf 88' lang='lat' dir='ltr'><em>catoris</em></span> <span class='ocrx_word' id='word_1_85' title='bbox 361 1575 508 1645; x_wconf 83' lang='lat' dir='ltr'><em>vulgo</em></span> <span class='ocrx_word' id='word_1_86' title='bbox 553 1574 757 1643; x_wconf 73' lang='lat' dir='ltr'><em>dicitnr,</em></span> <span class='ocrx_word' id='word_1_87' title='bbox 819 1577 1014 1630; x_wconf 85' lang='lat' dir='ltr'><em>ineunte</em></span> <span class='ocrx_word' id='word_1_88' title='bbox 1074 1577 1272 1632; x_wconf 89' lang='lat' dir='ltr'><em>saeculo</em></span> <span class='ocrx_word' id='word_1_89' title='bbox 1332 1576 1407 1632; x_wconf 87' lang='lat' dir='ltr'><em>IX</em></span> <span class='ocrx_word' id='word_1_90' title='bbox 1462 1579 1670 1652; x_wconf 83' lang='lat' dir='ltr'><em>prodiit.</em></span> <span class='ocrx_word' id='word_1_91' title='bbox 1716 1578 1856 1636; x_wconf 88' lang='lat' dir='ltr'><em>Haec</em></span> 
     </span>
     <span class='ocr_line' id='line_1_15' title="bbox 137 1669 1859 1742; baseline 0.005 -21"><span class='ocrx_word' id='word_1_92' title='bbox 137 1679 301 1722; x_wconf 87' lang='lat' dir='ltr'><em>autem</em></span> <span class='ocrx_word' id='word_1_93' title='bbox 332 1669 558 1724; x_wconf 78' lang='lat' dir='ltr'><em>collectio</em></span> <span class='ocrx_word' id='word_1_94' title='bbox 589 1681 700 1742; x_wconf 87' lang='lat' dir='ltr'><em>post</em></span> <span class='ocrx_word' id='word_1_95' title='bbox 733 1669 1092 1742; x_wconf 77' lang='lat' dir='ltr'><em>praefationem</em></span> <span class='ocrx_word' id='word_1_96' title='bbox 1122 1671 1325 1725; x_wconf 77' lang='lat' dir='ltr'><em>exhibet</em></span> <span class='ocrx_word' id='word_1_97' title='bbox 1354 1672 1583 1728; x_wconf 81' lang='lat' dir='ltr'><em>ordinem</em></span> <span class='ocrx_word' id='word_1_98' title='bbox 1603 1674 1859 1728; x_wconf 88' lang='lat' dir='ltr'><em>celebran-</em></span> 
     </span>
     <span class='ocr_line' id='line_1_16' title="bbox 132 1763 1856 1841; baseline 0.005 -24"><span class='ocrx_word' id='word_1_99' title='bbox 132 1763 184 1818; x_wconf 90' lang='lat' dir='ltr'><em>di</em></span> <span class='ocrx_word' id='word_1_100' title='bbox 228 1763 464 1834; x_wconf 74' lang='lat' dir='ltr'><em>Concilii‚</em></span> <span class='ocrx_word' id='word_1_101' title='bbox 508 1765 622 1819; x_wconf 85' lang='lat' dir='ltr'><em>dein</em></span> <span class='ocrx_word' id='word_1_102' title='bbox 665 1768 736 1818; x_wconf 84' lang='lat'><em>50</em></span> <span class='ocrx_word' id='word_1_103' title='bbox 784 1768 976 1839; x_wconf 78' lang='lat' dir='ltr'><em>priores</em></span> <span class='ocrx_word' id='word_1_104' title='bbox 1037 1765 1267 1823; x_wconf 85' lang='lat' dir='ltr'><em>Canones</em></span> <span class='ocrx_word' id='word_1_105' title='bbox 1328 1765 1706 1841; x_wconf 74' lang='lat' dir='ltr'><em>Apostolorum,</em></span> <span class='ocrx_word' id='word_1_106' title='bbox 1752 1783 1856 1826; x_wconf 88' lang='lat' dir='ltr'><em>tum</em></span> 
     </span>
     <span class='ocr_line' id='line_1_17' title="bbox 137 1858 1858 1938; baseline 0.004 -27"><span class='ocrx_word' id='word_1_107' title='bbox 137 1859 372 1932; x_wconf 80' lang='lat' dir='ltr'><em>epistolas</em></span> <span class='ocrx_word' id='word_1_108' title='bbox 435 1861 661 1933; x_wconf 85' lang='lat' dir='ltr'><em>priorum</em></span> <span class='ocrx_word' id='word_1_109' title='bbox 724 1858 1028 1914; x_wconf 85' lang='lat' dir='ltr'><em>Pontificum</em></span> <span class='ocrx_word' id='word_1_110' title='bbox 1072 1882 1100 1916; x_wconf 86' lang='lat' dir='ltr'><em>a</em></span> <span class='ocrx_word' id='word_1_111' title='bbox 1162 1860 1215 1917; x_wconf 87' lang='lat' dir='ltr'><em>S.</em></span> <span class='ocrx_word' id='word_1_112' title='bbox 1263 1860 1516 1917; x_wconf 87' lang='lat' dir='ltr'><em>Clemente</em></span> <span class='ocrx_word' id='word_1_113' title='bbox 1578 1884 1732 1938; x_wconf 86' lang='lat' dir='ltr'><em>usque</em></span> <span class='ocrx_word' id='word_1_114' title='bbox 1793 1865 1858 1920; x_wconf 90' lang='lat' dir='ltr'><em>ad</em></span> 
     </span>
     <span class='ocr_line' id='line_1_18' title="bbox 132 1949 1858 2025; baseline 0.005 -19"><span class='ocrx_word' id='word_1_115' title='bbox 132 1949 453 2022; x_wconf 74' lang='lat' dir='ltr'><em>Silvestrum,</em></span> <span class='ocrx_word' id='word_1_116' title='bbox 498 1972 617 2008; x_wconf 79' lang='lat' dir='ltr'><em>mox</em></span> <span class='ocrx_word' id='word_1_117' title='bbox 661 1952 857 2009; x_wconf 86' lang='lat' dir='ltr'><em>decreta</em></span> <span class='ocrx_word' id='word_1_118' title='bbox 899 1952 1135 2025; x_wconf 74' lang='lat' dir='ltr'><em>Nicaeni,</em></span> <span class='ocrx_word' id='word_1_119' title='bbox 1174 1967 1220 2009; x_wconf 88' lang='lat' dir='ltr'><em>et</em></span> <span class='ocrx_word' id='word_1_120' title='bbox 1253 1955 1467 2011; x_wconf 87' lang='lat' dir='ltr'><em>aliorum</em></span> <span class='ocrx_word' id='word_1_121' title='bbox 1512 1956 1858 2014; x_wconf 89' lang='lat' dir='ltr'><em>Conciliorum</em></span> 
     </span>
     <span class='ocr_line' id='line_1_19' title="bbox 129 2048 1853 2122; baseline 0.004 -21"><span class='ocrx_word' id='word_1_122' title='bbox 129 2048 234 2101; x_wconf 87' lang='lat' dir='ltr'><em>sive</em></span> <span class='ocrx_word' id='word_1_123' title='bbox 279 2065 575 2117; x_wconf 83' lang='lat' dir='ltr'><em>graecorum</em></span> <span class='ocrx_word' id='word_1_124' title='bbox 618 2049 722 2102; x_wconf 84' lang='lat' dir='ltr'><em>sive</em></span> <span class='ocrx_word' id='word_1_125' title='bbox 766 2048 1036 2104; x_wconf 83' lang='lat' dir='ltr'><em>latinorum</em></span> <span class='ocrx_word' id='word_1_126' title='bbox 1079 2052 1130 2104; x_wconf 88' lang='lat' dir='ltr'><em>in</em></span> <span class='ocrx_word' id='word_1_127' title='bbox 1161 2061 1319 2104; x_wconf 86' lang='lat' dir='ltr'><em>certas</em></span> <span class='ocrx_word' id='word_1_128' title='bbox 1351 2050 1534 2106; x_wconf 85' lang='lat' dir='ltr'><em>classes</em></span> <span class='ocrx_word' id='word_1_129' title='bbox 1564 2051 1853 2122; x_wconf 73' lang='lat' dir='ltr'><em>distributa,</em></span> 
     </span>
     <span class='ocr_line' id='line_1_20' title="bbox 134 2140 1856 2222; baseline 0.006 -29"><span class='ocrx_word' id='word_1_130' title='bbox 134 2151 385 2213; x_wconf 86' lang='lat' dir='ltr'><em>postremo</em></span> <span class='ocrx_word' id='word_1_131' title='bbox 432 2141 650 2213; x_wconf 79' lang='lat' dir='ltr'><em>reliqnas</em></span> <span class='ocrx_word' id='word_1_132' title='bbox 701 2140 1025 2197; x_wconf 80' lang='lat' dir='ltr'><em>Summorum</em></span> <span class='ocrx_word' id='word_1_133' title='bbox 1069 2142 1374 2199; x_wconf 81' lang='lat' dir='ltr'><em>Pontificum</em></span> <span class='ocrx_word' id='word_1_134' title='bbox 1423 2144 1708 2202; x_wconf 85' lang='lat' dir='ltr'><em>Decretales</em></span> <span class='ocrx_word' id='word_1_135' title='bbox 1751 2151 1856 2222; x_wconf 90' lang='lat' dir='ltr'><em>epi-</em></span> 
     </span>
     <span class='ocr_line' id='line_1_21' title="bbox 129 2232 1350 2308; baseline 0.004 -21"><span class='ocrx_word' id='word_1_136' title='bbox 129 2234 283 2288; x_wconf 86' lang='lat' dir='ltr'><em>stolas</em></span> <span class='ocrx_word' id='word_1_137' title='bbox 332 2254 485 2307; x_wconf 83' lang='lat' dir='ltr'><em>usque</em></span> <span class='ocrx_word' id='word_1_138' title='bbox 530 2234 594 2288; x_wconf 87' lang='lat' dir='ltr'><em>ad</em></span> <span class='ocrx_word' id='word_1_139' title='bbox 640 2233 693 2289; x_wconf 89' lang='lat' dir='ltr'><em>S.</em></span> <span class='ocrx_word' id='word_1_140' title='bbox 741 2232 1044 2305; x_wconf 81' lang='lat' dir='ltr'><em>Gregorium</em></span> <span class='ocrx_word' id='word_1_141' title='bbox 1087 2235 1350 2308; x_wconf 81' lang='lat' dir='ltr'><em>Magnum.</em></span> 
     </span>
    </p>

    <p class='ocr_par' dir='ltr' id='par_1_6' title="bbox 123 2327 1851 2966">
     <span class='ocr_line' id='line_1_22' title="bbox 208 2327 1851 2403; baseline 0.005 -21"><span class='ocrx_word' id='word_1_142' title='bbox 208 2327 340 2395; x_wconf 80' lang='lat' dir='ltr'><em>Quis</em></span> <span class='ocrx_word' id='word_1_143' title='bbox 383 2327 531 2382; x_wconf 86' lang='lat' dir='ltr'><em>fuerit</em></span> <span class='ocrx_word' id='word_1_144' title='bbox 575 2327 800 2383; x_wconf 83' lang='lat' dir='ltr'><em>Isidorus</em></span> <span class='ocrx_word' id='word_1_145' title='bbox 832 2331 922 2384; x_wconf 85' lang='lat' dir='ltr'><em>iste</em></span> <span class='ocrx_word' id='word_1_146' title='bbox 954 2329 1216 2401; x_wconf 72' lang='lat' dir='ltr'><em>Peccator9</em></span> <span class='ocrx_word' id='word_1_147' title='bbox 1248 2335 1352 2388; x_wconf 88' lang='lat' dir='ltr'><em>sive</em></span> <span class='ocrx_word' id='word_1_148' title='bbox 1381 2333 1655 2403; x_wconf 72' lang='lat' dir='ltr'><em>Mercator,</em></span> <span class='ocrx_word' id='word_1_149' title='bbox 1686 2336 1851 2390; x_wconf 87' lang='lat' dir='ltr'><em>adhuc</em></span> 
     </span>
     <span class='ocr_line' id='line_1_23' title="bbox 124 2421 1850 2493; baseline 0.006 -19"><span class='ocrx_word' id='word_1_150' title='bbox 124 2422 350 2490; x_wconf 84' lang='lat' dir='ltr'><em>ignotum</em></span> <span class='ocrx_word' id='word_1_151' title='bbox 396 2434 485 2478; x_wconf 89' lang='lat' dir='ltr'><em>est.</em></span> <span class='ocrx_word' id='word_1_152' title='bbox 532 2421 663 2476; x_wconf 80' lang='lat' dir='ltr'><em>Illud</em></span> <span class='ocrx_word' id='word_1_153' title='bbox 711 2442 823 2478; x_wconf 85' lang='lat' dir='ltr'><em>vero</em></span> <span class='ocrx_word' id='word_1_154' title='bbox 868 2437 1076 2493; x_wconf 67' lang='lat' dir='ltr'><em>certum9</em></span> <span class='ocrx_word' id='word_1_155' title='bbox 1123 2425 1461 2483; x_wconf 86' lang='lat' dir='ltr'><em>Isidorianam</em></span> <span class='ocrx_word' id='word_1_156' title='bbox 1507 2429 1850 2484; x_wconf 89' lang='lat' dir='ltr'><em>collectionem</em></span> 
     </span>
     <span class='ocr_line' id='line_1_24' title="bbox 123 2517 1851 2594; baseline 0.006 -26"><span class='ocrx_word' id='word_1_157' title='bbox 123 2525 316 2570; x_wconf 90' lang='lat' dir='ltr'><em>tantum</em></span> <span class='ocrx_word' id='word_1_158' title='bbox 360 2518 670 2571; x_wconf 82' lang='lat' dir='ltr'><em>auctoritatis</em></span> <span class='ocrx_word' id='word_1_159' title='bbox 717 2517 849 2590; x_wconf 87' lang='lat' dir='ltr'><em>apud</em></span> <span class='ocrx_word' id='word_1_160' title='bbox 895 2537 1066 2574; x_wconf 88' lang='lat' dir='ltr'><em>omnes</em></span> <span class='ocrx_word' id='word_1_161' title='bbox 1098 2534 1456 2594; x_wconf 82' lang='lat' dir='ltr'><em>consequutam</em></span> <span class='ocrx_word' id='word_1_162' title='bbox 1499 2540 1624 2589; x_wconf 73' lang='lat' dir='ltr'><em>esse,</em></span> <span class='ocrx_word' id='word_1_163' title='bbox 1665 2537 1851 2593; x_wconf 85' lang='lat' dir='ltr'><em>quanta</em></span> 
     </span>
     <span class='ocr_line' id='line_1_25' title="bbox 126 2610 1846 2687; baseline 0.006 -25"><span class='ocrx_word' id='word_1_164' title='bbox 126 2610 254 2663; x_wconf 85' lang='lat' dir='ltr'><em>veris</em></span> <span class='ocrx_word' id='word_1_165' title='bbox 335 2611 642 2682; x_wconf 87' lang='lat' dir='ltr'><em>sincerisque</em></span> <span class='ocrx_word' id='word_1_166' title='bbox 703 2611 977 2667; x_wconf 81' lang='lat' dir='ltr'><em>canonibus</em></span> <span class='ocrx_word' id='word_1_167' title='bbox 1048 2626 1093 2668; x_wconf 86' lang='lat' dir='ltr'><em>et</em></span> <span class='ocrx_word' id='word_1_168' title='bbox 1154 2614 1501 2669; x_wconf 87' lang='lat' dir='ltr'><em>Decretalihus</em></span> <span class='ocrx_word' id='word_1_169' title='bbox 1564 2614 1846 2687; x_wconf 73' lang='lat' dir='ltr'><em>deberetur3</em></span> 
     </span>
     <span class='ocr_line' id='line_1_26' title="bbox 126 2704 1846 2776; baseline 0.007 -22"><span class='ocrx_word' id='word_1_170' title='bbox 126 2719 282 2773; x_wconf 89' lang='lat' dir='ltr'><em>neque</em></span> <span class='ocrx_word' id='word_1_171' title='bbox 342 2704 503 2757; x_wconf 88' lang='lat' dir='ltr'><em>solum</em></span> <span class='ocrx_word' id='word_1_172' title='bbox 567 2705 616 2757; x_wconf 90' lang='lat' dir='ltr'><em>in</em></span> <span class='ocrx_word' id='word_1_173' title='bbox 672 2716 824 2759; x_wconf 85' lang='lat' dir='ltr'><em>totam</em></span> <span class='ocrx_word' id='word_1_174' title='bbox 880 2704 1259 2762; x_wconf 87' lang='lat' dir='ltr'><em>Occidentalem</em></span> <span class='ocrx_word' id='word_1_175' title='bbox 1303 2708 1618 2776; x_wconf 73' lang='lat' dir='ltr'><em>Ecclesiam,</em></span> <span class='ocrx_word' id='word_1_176' title='bbox 1663 2710 1750 2763; x_wconf 89' lang='lat' dir='ltr'><em>sed</em></span> <span class='ocrx_word' id='word_1_177' title='bbox 1796 2714 1846 2766; x_wconf 91' lang='lat' dir='ltr'><em>in</em></span> 
     </span>
     <span class='ocr_line' id='line_1_27' title="bbox 128 2794 1848 2875; baseline 0.006 -25"><span class='ocrx_word' id='word_1_178' title='bbox 128 2794 439 2851; x_wconf 86' lang='lat' dir='ltr'><em>Orientalem</em></span> <span class='ocrx_word' id='word_1_179' title='bbox 483 2817 679 2870; x_wconf 89' lang='lat' dir='ltr'><em>quoque</em></span> <span class='ocrx_word' id='word_1_180' title='bbox 723 2803 1035 2872; x_wconf 74' lang='lat' dir='ltr'><em>penetravit3</em></span> <span class='ocrx_word' id='word_1_181' title='bbox 1079 2802 1488 2874; x_wconf 73' lang='lat' dir='ltr'><em>quandoquidem</em></span> <span class='ocrx_word' id='word_1_182' title='bbox 1527 2799 1848 2875; x_wconf 71' lang='lat' dir='ltr'><em>Nicephorius</em></span> 
     </span>
     <span class='ocr_line' id='line_1_28' title="bbox 127 2887 1848 2966; baseline 0.007 -24"><span class='ocrx_word' id='word_1_183' title='bbox 127 2887 261 2943; x_wconf 86' lang='lat' dir='ltr'><em>Hist.</em></span> <span class='ocrx_word' id='word_1_184' title='bbox 308 2887 443 2945; x_wconf 88' lang='lat' dir='ltr'><em>Eccl.</em></span> <span class='ocrx_word' id='word_1_185' title='bbox 489 2891 577 2946; x_wconf 85' lang='lat' dir='ltr'><em>lib.</em></span> <span class='ocrx_word' id='word_1_186' title='bbox 629 2895 662 2945; x_wconf 86' lang='grc'>4</span> <span class='ocrx_word' id='word_1_187' title='bbox 706 2912 816 2966; x_wconf 88' lang='lat' dir='ltr'><em>cap.</em></span> <span class='ocrx_word' id='word_1_188' title='bbox 864 2898 935 2948; x_wconf 82' lang='lat'><em>39</em></span> <span class='ocrx_word' id='word_1_189' title='bbox 984 2895 1173 2950; x_wconf 83' lang='lat' dir='ltr'><em>litteras</em></span> <span class='ocrx_word' id='word_1_190' title='bbox 1228 2893 1474 2963; x_wconf 60' lang='lat' dir='ltr'><em>mulieri,</em></span> <span class='ocrx_word' id='word_1_191' title='bbox 1536 2907 1581 2949; x_wconf 84' lang='lat' dir='ltr'><em>et</em></span> <span class='ocrx_word' id='word_1_192' title='bbox 1636 2894 1848 2955; x_wconf 71' lang='lat' dir='ltr'><em>Callixti</em></span> 
     </span>
    </p>

    <p class='ocr_par' dir='ltr' id='par_1_7' title="bbox 1340 2987 1410 3041">
     <span class='ocr_line' id='line_1_29' title="bbox 1340 2987 1410 3041; baseline 0 -24"><span class='ocrx_word' id='word_1_193' title='bbox 1340 2987 1410 3041; x_wconf 56' lang='lat'><em>93(-</em></span> 
     </span>
    </p>
   </div>
  </div>
 </body>
</html>
