<?xml version="1.0" encoding="UTF-8"?>
<!DOCTYPE html PUBLIC "-//W3C//DTD XHTML 1.0 Transitional//EN"
    "http://www.w3.org/TR/xhtml1/DTD/xhtml1-transitional.dtd">
<html xmlns="http://www.w3.org/1999/xhtml" xml:lang="en" lang="en">
 <head>
  <title>
</title>
<meta http-equiv="Content-Type" content="text/html;charset=utf-8" />
  <meta name='ocr-system' content='tesseract 3.04.00' />
  <meta name='ocr-capabilities' content='ocr_page ocr_carea ocr_par ocr_line ocrx_word'/>
</head>
<body>
  <div class='ocr_page' id='page_1' title='image "./joanniscardinali00sogl_0036.png"; bbox 0 0 2114 3289; ppageno 0'>
   <div class='ocr_carea' id='block_1_1' title="bbox 352 118 1620 171">
    <p class='ocr_par' dir='ltr' id='par_1_1' title="bbox 352 118 1620 171">
     <span class='ocr_line' id='line_1_1' title="bbox 352 118 1620 171; baseline -0.002 0"><span class='ocrx_word' id='word_1_1' title='bbox 352 118 423 171; x_wconf 83' lang='lat'>18</span> <span class='ocrx_word' id='word_1_2' title='bbox 662 134 778 171; x_wconf 77' lang='lat' dir='ltr'>cAr.</span> <span class='ocrx_word' id='word_1_3' title='bbox 821 133 854 169; x_wconf 91' lang='lat'>1.</span> <span class='ocrx_word' id='word_1_4' title='bbox 902 133 962 170; x_wconf 75' lang='lat' dir='ltr'>nr.</span> <span class='ocrx_word' id='word_1_5' title='bbox 1004 133 1127 168; x_wconf 69' lang='lat' dir='ltr'>aum:</span> <span class='ocrx_word' id='word_1_6' title='bbox 1169 132 1288 170; x_wconf 67' lang='lat' dir='ltr'>cm.</span> <span class='ocrx_word' id='word_1_7' title='bbox 1332 133 1620 170; x_wconf 64' lang='lat' dir='ltr'>uenenum</span> 
     </span>
    </p>
   </div>
   <div class='ocr_carea' id='block_1_2' title="bbox 266 236 1996 1536">
    <p class='ocr_par' dir='ltr' id='par_1_2' title="bbox 266 236 1996 1536">
     <span class='ocr_line' id='line_1_2' title="bbox 270 236 1990 312; baseline -0.001 -18"><span class='ocrx_word' id='word_1_8' title='bbox 270 240 434 295; x_wconf 89' lang='lat' dir='ltr'>omnis</span> <span class='ocrx_word' id='word_1_9' title='bbox 477 239 662 312; x_wconf 90' lang='lat' dir='ltr'>quippe</span> <span class='ocrx_word' id='word_1_10' title='bbox 704 237 1098 293; x_wconf 90' lang='lat' dir='ltr'>christianorum</span> <span class='ocrx_word' id='word_1_11' title='bbox 1143 238 1245 291; x_wconf 90' lang='lat' dir='ltr'>vita</span> <span class='ocrx_word' id='word_1_12' title='bbox 1287 236 1483 293; x_wconf 88' lang='lat' dir='ltr'>duabus</span> <span class='ocrx_word' id='word_1_13' title='bbox 1518 237 1725 308; x_wconf 74' lang='lat' dir='ltr'>regulis,</span> <span class='ocrx_word' id='word_1_14' title='bbox 1751 237 1990 294; x_wconf 89' lang='lat' dir='ltr'>nimirum</span> 
     </span>
     <span class='ocr_line' id='line_1_3' title="bbox 270 328 1992 405; baseline -0.001 -17"><span class='ocrx_word' id='word_1_15' title='bbox 270 331 509 388; x_wconf 87' lang='lat' dir='ltr'>credendi</span> <span class='ocrx_word' id='word_1_16' title='bbox 551 330 743 401; x_wconf 77' lang='lat' dir='ltr'>regula,</span> <span class='ocrx_word' id='word_1_17' title='bbox 786 341 833 385; x_wconf 89' lang='lat' dir='ltr'>et</span> <span class='ocrx_word' id='word_1_18' title='bbox 876 330 1048 400; x_wconf 86' lang='lat' dir='ltr'>regula</span> <span class='ocrx_word' id='word_1_19' title='bbox 1091 328 1273 400; x_wconf 83' lang='lat' dir='ltr'>agendi</span> <span class='ocrx_word' id='word_1_20' title='bbox 1318 332 1636 401; x_wconf 74' lang='lat' dir='ltr'>continetur3</span> <span class='ocrx_word' id='word_1_21' title='bbox 1680 351 1736 386; x_wconf 92' lang='lat' dir='ltr'>ac</span> <span class='ocrx_word' id='word_1_22' title='bbox 1780 331 1992 405; x_wconf 81' lang='lat' dir='ltr'>proinde</span> 
     </span>
     <span class='ocr_line' id='line_1_4' title="bbox 270 424 1992 499; baseline -0.001 -18"><span class='ocrx_word' id='word_1_23' title='bbox 270 425 508 482; x_wconf 87' lang='lat' dir='ltr'>credendi</span> <span class='ocrx_word' id='word_1_24' title='bbox 550 424 723 496; x_wconf 86' lang='lat' dir='ltr'>regula</span> <span class='ocrx_word' id='word_1_25' title='bbox 767 444 796 479; x_wconf 87' lang='lat' dir='ltr'>a</span> <span class='ocrx_word' id='word_1_26' title='bbox 839 424 1115 480; x_wconf 88' lang='lat' dir='ltr'>canonibus</span> <span class='ocrx_word' id='word_1_27' title='bbox 1160 424 1483 494; x_wconf 78' lang='lat' dir='ltr'>dogmaticiS,</span> <span class='ocrx_word' id='word_1_28' title='bbox 1512 444 1540 480; x_wconf 91' lang='lat' dir='ltr'>a</span> <span class='ocrx_word' id='word_1_29' title='bbox 1578 424 1992 499; x_wconf 77' lang='lat' dir='ltr'>disciplinaribus</span> 
     </span>
     <span class='ocr_line' id='line_1_5' title="bbox 270 515 1995 590; baseline -0.001 -15"><span class='ocrx_word' id='word_1_30' title='bbox 270 531 436 576; x_wconf 89' lang='lat' dir='ltr'>autem</span> <span class='ocrx_word' id='word_1_31' title='bbox 487 518 670 590; x_wconf 88' lang='lat' dir='ltr'>agendi</span> <span class='ocrx_word' id='word_1_32' title='bbox 714 517 886 589; x_wconf 87' lang='lat' dir='ltr'>regula</span> <span class='ocrx_word' id='word_1_33' title='bbox 930 518 1213 574; x_wconf 82' lang='lat' dir='ltr'>exhibetur.</span> <span class='ocrx_word' id='word_1_34' title='bbox 1277 515 1616 573; x_wconf 84' lang='lat' dir='ltr'><strong>Veruntamen</strong></span> <span class='ocrx_word' id='word_1_35' title='bbox 1659 539 1770 574; x_wconf 91' lang='lat' dir='ltr'>cum</span> <span class='ocrx_word' id='word_1_36' title='bbox 1814 520 1876 574; x_wconf 91' lang='lat' dir='ltr'>de</span> <span class='ocrx_word' id='word_1_37' title='bbox 1919 538 1995 574; x_wconf 90' lang='lat' dir='ltr'>re-</span> 
     </span>
     <span class='ocr_line' id='line_1_6' title="bbox 267 613 1996 690; baseline 0.001 -20"><span class='ocrx_word' id='word_1_38' title='bbox 267 616 386 688; x_wconf 86' lang='lat' dir='ltr'>gula</span> <span class='ocrx_word' id='word_1_39' title='bbox 440 614 623 686; x_wconf 83' lang='lat' dir='ltr'>agendi</span> <span class='ocrx_word' id='word_1_40' title='bbox 676 634 840 670; x_wconf 86' lang='lat' dir='ltr'>sermo</span> <span class='ocrx_word' id='word_1_41' title='bbox 883 626 992 683; x_wconf 76' lang='lat' dir='ltr'>est,</span> <span class='ocrx_word' id='word_1_42' title='bbox 1036 616 1122 686; x_wconf 86' lang='lat' dir='ltr'>qui</span> <span class='ocrx_word' id='word_1_43' title='bbox 1166 613 1401 669; x_wconf 86' lang='lat' dir='ltr'>distincte</span> <span class='ocrx_word' id='word_1_44' title='bbox 1443 625 1590 687; x_wconf 88' lang='lat' dir='ltr'>atque</span> <span class='ocrx_word' id='word_1_45' title='bbox 1633 616 1879 690; x_wconf 81' lang='lat' dir='ltr'>explicate</span> <span class='ocrx_word' id='word_1_46' title='bbox 1921 615 1996 671; x_wconf 95' lang='lat' dir='ltr'>lo-</span> 
     </span>
     <span class='ocr_line' id='line_1_7' title="bbox 271 708 1994 784; baseline -0.001 -19"><span class='ocrx_word' id='word_1_47' title='bbox 271 722 509 784; x_wconf 80' lang='lat' dir='ltr'>quuntur,</span> <span class='ocrx_word' id='word_1_48' title='bbox 539 728 754 765; x_wconf 87' lang='lat' dir='ltr'>canones</span> <span class='ocrx_word' id='word_1_49' title='bbox 798 728 994 764; x_wconf 90' lang='lat' dir='ltr'>morum</span> <span class='ocrx_word' id='word_1_50' title='bbox 1023 728 1051 762; x_wconf 87' lang='lat' dir='ltr'>a</span> <span class='ocrx_word' id='word_1_51' title='bbox 1077 708 1353 763; x_wconf 89' lang='lat' dir='ltr'>canonibus</span> <span class='ocrx_word' id='word_1_52' title='bbox 1397 708 1697 783; x_wconf 89' lang='lat' dir='ltr'>disciplinae</span> <span class='ocrx_word' id='word_1_53' title='bbox 1740 722 1994 783; x_wconf 77' lang='lat' dir='ltr'>separant,</span> 
     </span>
     <span class='ocr_line' id='line_1_8' title="bbox 269 802 1996 877; baseline 0 -19"><span class='ocrx_word' id='word_1_54' title='bbox 269 815 417 877; x_wconf 88' lang='lat' dir='ltr'>atque</span> <span class='ocrx_word' id='word_1_55' title='bbox 459 803 606 873; x_wconf 80' lang='lat' dir='ltr'>adeo,</span> <span class='ocrx_word' id='word_1_56' title='bbox 634 802 1061 876; x_wconf 84' lang='lat' dir='ltr'>quemadmodum</span> <span class='ocrx_word' id='word_1_57' title='bbox 1103 803 1288 876; x_wconf 82' lang='lat' dir='ltr'>triplex</span> <span class='ocrx_word' id='word_1_58' title='bbox 1330 813 1404 858; x_wconf 91' lang='lat' dir='ltr'>est</span> <span class='ocrx_word' id='word_1_59' title='bbox 1444 803 1571 872; x_wconf 89' lang='lat' dir='ltr'>juris</span> <span class='ocrx_word' id='word_1_60' title='bbox 1599 804 1828 858; x_wconf 90' lang='lat' dir='ltr'>canonici</span> <span class='ocrx_word' id='word_1_61' title='bbox 1857 803 1996 874; x_wconf 86' lang='lat' dir='ltr'>obje-</span> 
     </span>
     <span class='ocr_line' id='line_1_9' title="bbox 270 897 1992 972; baseline 0.001 -20"><span class='ocrx_word' id='word_1_62' title='bbox 270 910 436 967; x_wconf 79' lang='lat' dir='ltr'>ctum,</span> <span class='ocrx_word' id='word_1_63' title='bbox 480 916 656 972; x_wconf 89' lang='lat' dir='ltr'>nempe</span> <span class='ocrx_word' id='word_1_64' title='bbox 699 897 849 965; x_wconf 73' lang='lat' dir='ltr'>fides,</span> <span class='ocrx_word' id='word_1_65' title='bbox 895 915 1089 966; x_wconf 72' lang='lat' dir='ltr'>moreS‚</span> <span class='ocrx_word' id='word_1_66' title='bbox 1132 908 1178 951; x_wconf 91' lang='lat' dir='ltr'>et</span> <span class='ocrx_word' id='word_1_67' title='bbox 1221 897 1518 970; x_wconf 77' lang='lat' dir='ltr'>disciplina,</span> <span class='ocrx_word' id='word_1_68' title='bbox 1562 897 1697 969; x_wconf 87' lang='lat' dir='ltr'>quod</span> <span class='ocrx_word' id='word_1_69' title='bbox 1742 899 1992 971; x_wconf 84' lang='lat' dir='ltr'>superiori</span> 
     </span>
     <span class='ocr_line' id='line_1_10' title="bbox 266 990 1990 1066; baseline -0.001 -19"><span class='ocrx_word' id='word_1_70' title='bbox 266 993 428 1066; x_wconf 88' lang='lat' dir='ltr'>capite</span> <span class='ocrx_word' id='word_1_71' title='bbox 470 991 768 1060; x_wconf 75' lang='lat' dir='ltr'>docuimus,</span> <span class='ocrx_word' id='word_1_72' title='bbox 812 992 892 1049; x_wconf 70' lang='lat' dir='ltr'>sio,</span> <span class='ocrx_word' id='word_1_73' title='bbox 927 1010 1125 1064; x_wconf 91' lang='lat' dir='ltr'>quoque</span> <span class='ocrx_word' id='word_1_74' title='bbox 1167 1010 1382 1046; x_wconf 89' lang='lat' dir='ltr'>canones</span> <span class='ocrx_word' id='word_1_75' title='bbox 1427 990 1678 1046; x_wconf 82' lang='lat' dir='ltr'>trifariam</span> <span class='ocrx_word' id='word_1_76' title='bbox 1721 990 1990 1064; x_wconf 76' lang='lat' dir='ltr'>dividunt,</span> 
     </span>
     <span class='ocr_line' id='line_1_11' title="bbox 267 1084 1992 1159; baseline -0.001 -18"><span class='ocrx_word' id='word_1_77' title='bbox 267 1085 499 1141; x_wconf 85' lang='lat' dir='ltr'>videlicet</span> <span class='ocrx_word' id='word_1_78' title='bbox 541 1087 594 1142; x_wconf 92' lang='lat' dir='ltr'>in</span> <span class='ocrx_word' id='word_1_79' title='bbox 639 1103 854 1140; x_wconf 90' lang='lat' dir='ltr'>canones</span> <span class='ocrx_word' id='word_1_80' title='bbox 891 1084 1038 1159; x_wconf 74' lang='lat' dir='ltr'>fidei,</span> <span class='ocrx_word' id='word_1_81' title='bbox 1082 1085 1134 1139; x_wconf 92' lang='lat' dir='ltr'>in</span> <span class='ocrx_word' id='word_1_82' title='bbox 1177 1104 1392 1140; x_wconf 89' lang='lat' dir='ltr'>canones</span> <span class='ocrx_word' id='word_1_83' title='bbox 1433 1103 1655 1154; x_wconf 76' lang='lat' dir='ltr'>morum,</span> <span class='ocrx_word' id='word_1_84' title='bbox 1682 1086 1733 1140; x_wconf 88' lang='lat' dir='ltr'>in</span> <span class='ocrx_word' id='word_1_85' title='bbox 1777 1104 1992 1140; x_wconf 90' lang='lat' dir='ltr'>canones</span> 
     </span>
     <span class='ocr_line' id='line_1_12' title="bbox 268 1178 1993 1253; baseline -0.001 -19"><span class='ocrx_word' id='word_1_86' title='bbox 268 1179 593 1252; x_wconf 79' lang='lat' dir='ltr'>disciplinae.</span> <span class='ocrx_word' id='word_1_87' title='bbox 662 1178 862 1253; x_wconf 87' lang='lat' dir='ltr'>Operae</span> <span class='ocrx_word' id='word_1_88' title='bbox 920 1180 1136 1253; x_wconf 89' lang='lat' dir='ltr'>pretium</span> <span class='ocrx_word' id='word_1_89' title='bbox 1195 1191 1268 1234; x_wconf 92' lang='lat' dir='ltr'>est</span> <span class='ocrx_word' id='word_1_90' title='bbox 1316 1178 1378 1233; x_wconf 93' lang='lat' dir='ltr'>de</span> <span class='ocrx_word' id='word_1_91' title='bbox 1419 1179 1498 1233; x_wconf 91' lang='lat' dir='ltr'>his</span> <span class='ocrx_word' id='word_1_92' title='bbox 1542 1179 1702 1234; x_wconf 91' lang='lat' dir='ltr'>tribus</span> <span class='ocrx_word' id='word_1_93' title='bbox 1745 1198 1993 1234; x_wconf 84' lang='lat' dir='ltr'>canonum</span> 
     </span>
     <span class='ocr_line' id='line_1_13' title="bbox 270 1274 1994 1350; baseline -0.001 -19"><span class='ocrx_word' id='word_1_94' title='bbox 270 1275 531 1350; x_wconf 83' lang='lat' dir='ltr'>speciebus</span> <span class='ocrx_word' id='word_1_95' title='bbox 593 1274 788 1348; x_wconf 88' lang='lat' dir='ltr'>aliquid</span> <span class='ocrx_word' id='word_1_96' title='bbox 840 1274 1093 1330; x_wconf 91' lang='lat' dir='ltr'>enucleate</span> <span class='ocrx_word' id='word_1_97' title='bbox 1136 1274 1339 1344; x_wconf 77' lang='lat' dir='ltr'>dicere3</span> <span class='ocrx_word' id='word_1_98' title='bbox 1383 1293 1597 1347; x_wconf 89' lang='lat' dir='ltr'>namque</span> <span class='ocrx_word' id='word_1_99' title='bbox 1641 1276 1862 1345; x_wconf 84' lang='lat' dir='ltr'>cognitio</span> <span class='ocrx_word' id='word_1_100' title='bbox 1906 1294 1994 1330; x_wconf 92' lang='lat' dir='ltr'>na-</span> 
     </span>
     <span class='ocr_line' id='line_1_14' title="bbox 270 1367 1993 1443; baseline 0 -19"><span class='ocrx_word' id='word_1_101' title='bbox 270 1381 429 1439; x_wconf 76' lang='lat' dir='ltr'>turae,</span> <span class='ocrx_word' id='word_1_102' title='bbox 459 1380 608 1443; x_wconf 91' lang='lat' dir='ltr'>atque</span> <span class='ocrx_word' id='word_1_103' title='bbox 650 1368 837 1424; x_wconf 88' lang='lat' dir='ltr'>indolis</span> <span class='ocrx_word' id='word_1_104' title='bbox 879 1368 1194 1439; x_wconf 85' lang='lat' dir='ltr'>singulorum</span> <span class='ocrx_word' id='word_1_105' title='bbox 1237 1387 1484 1424; x_wconf 90' lang='lat' dir='ltr'>canonum</span> <span class='ocrx_word' id='word_1_106' title='bbox 1526 1387 1624 1423; x_wconf 92' lang='lat' dir='ltr'>non</span> <span class='ocrx_word' id='word_1_107' title='bbox 1669 1367 1820 1423; x_wconf 87' lang='lat' dir='ltr'>modo</span> <span class='ocrx_word' id='word_1_108' title='bbox 1848 1368 1993 1424; x_wconf 87' lang='lat' dir='ltr'>valde</span> 
     </span>
     <span class='ocr_line' id='line_1_15' title="bbox 269 1461 1993 1536; baseline 0.001 -19"><span class='ocrx_word' id='word_1_109' title='bbox 269 1463 431 1534; x_wconf 79' lang='lat' dir='ltr'>juvat,</span> <span class='ocrx_word' id='word_1_110' title='bbox 476 1462 564 1519; x_wconf 91' lang='lat' dir='ltr'>sed</span> <span class='ocrx_word' id='word_1_111' title='bbox 607 1463 889 1518; x_wconf 88' lang='lat' dir='ltr'>necessaria</span> <span class='ocrx_word' id='word_1_112' title='bbox 932 1464 1138 1518; x_wconf 90' lang='lat' dir='ltr'>omnino</span> <span class='ocrx_word' id='word_1_113' title='bbox 1181 1474 1254 1517; x_wconf 91' lang='lat' dir='ltr'>est</span> <span class='ocrx_word' id='word_1_114' title='bbox 1295 1461 1361 1517; x_wconf 90' lang='lat' dir='ltr'>ad</span> <span class='ocrx_word' id='word_1_115' title='bbox 1403 1482 1460 1516; x_wconf 90' lang='lat' dir='ltr'>ea</span> <span class='ocrx_word' id='word_1_116' title='bbox 1504 1461 1724 1517; x_wconf 88' lang='lat' dir='ltr'>dilucide</span> <span class='ocrx_word' id='word_1_117' title='bbox 1767 1474 1993 1536; x_wconf 88' lang='lat' dir='ltr'>recteque</span> 
     </span>
    </p>
   </div>
   <div class='ocr_carea' id='block_1_3' title="bbox 270 1556 1991 1802">
    <p class='ocr_par' dir='ltr' id='par_1_3' title="bbox 270 1556 1991 1802">
     <span class='ocr_line' id='line_1_16' title="bbox 271 1556 1991 1632; baseline 0 -20"><span class='ocrx_word' id='word_1_118' title='bbox 271 1556 617 1632; x_wconf 78' lang='lat' dir='ltr'>percipienda,</span> <span class='ocrx_word' id='word_1_119' title='bbox 644 1575 772 1630; x_wconf 87' lang='lat' dir='ltr'>quae</span> <span class='ocrx_word' id='word_1_120' title='bbox 801 1556 1076 1612; x_wconf 78' lang='lat' dir='ltr'>universim</span> <span class='ocrx_word' id='word_1_121' title='bbox 1120 1556 1181 1612; x_wconf 88' lang='lat' dir='ltr'>de</span> <span class='ocrx_word' id='word_1_122' title='bbox 1226 1557 1274 1612; x_wconf 88' lang='lat' dir='ltr'>vi</span> <span class='ocrx_word' id='word_1_123' title='bbox 1316 1568 1363 1612; x_wconf 91' lang='lat' dir='ltr'>et</span> <span class='ocrx_word' id='word_1_124' title='bbox 1404 1557 1700 1613; x_wconf 90' lang='lat' dir='ltr'>auctoritate</span> <span class='ocrx_word' id='word_1_125' title='bbox 1742 1576 1991 1612; x_wconf 89' lang='lat' dir='ltr'>canonum</span> 
     </span>
     <span class='ocr_line' id='line_1_17' title="bbox 270 1651 1085 1802; baseline 0.004 -97"><span class='ocrx_word' id='word_1_126' title='bbox 270 1651 483 1707; x_wconf 87' lang='lat' dir='ltr'>dicenda</span> <span class='ocrx_word' id='word_1_127' title='bbox 527 1661 657 1708; x_wconf 85' lang='lat' dir='ltr'>sunt.</span> <span class='ocrx_word' id='word_1_128' title='bbox 1059 1725 1085 1802; x_wconf 46' lang='grc' dir='ltr'>ὃ</span> 
     </span>
    </p>
   </div>
   <div class='ocr_carea' id='block_1_4' title="bbox 815 1880 1450 1927">
    <p class='ocr_par' dir='ltr' id='par_1_4' title="bbox 815 1880 1450 1927">
     <span class='ocr_line' id='line_1_18' title="bbox 815 1880 1450 1927; baseline -0.002 0"><span class='ocrx_word' id='word_1_129' title='bbox 815 1881 889 1927; x_wconf 92' lang='lat' dir='ltr'>DE</span> <span class='ocrx_word' id='word_1_130' title='bbox 928 1880 1259 1927; x_wconf 84' lang='lat' dir='ltr'><strong>CANONIBUS</strong></span> <span class='ocrx_word' id='word_1_131' title='bbox 1296 1882 1450 1927; x_wconf 87' lang='lat' dir='ltr'>FIDEl</span> 
     </span>
    </p>
   </div>
   <div class='ocr_carea' id='block_1_5' title="bbox 263 2028 1993 2949">
    <p class='ocr_par' dir='ltr' id='par_1_5' title="bbox 263 2028 1993 2949">
     <span class='ocr_line' id='line_1_19' title="bbox 347 2028 1993 2103; baseline -0.001 -18"><span class='ocrx_word' id='word_1_132' title='bbox 347 2028 578 2086; x_wconf 89' lang='lat' dir='ltr'>Canones</span> <span class='ocrx_word' id='word_1_133' title='bbox 621 2029 765 2086; x_wconf 90' lang='lat' dir='ltr'>Fidei</span> <span class='ocrx_word' id='word_1_134' title='bbox 808 2041 940 2100; x_wconf 77' lang='lat' dir='ltr'>sunt,</span> <span class='ocrx_word' id='word_1_135' title='bbox 985 2030 1035 2084; x_wconf 89' lang='lat' dir='ltr'>in</span> <span class='ocrx_word' id='word_1_136' title='bbox 1080 2029 1261 2103; x_wconf 89' lang='lat' dir='ltr'>quibus</span> <span class='ocrx_word' id='word_1_137' title='bbox 1306 2029 1500 2103; x_wconf 88' lang='lat' dir='ltr'>aliquid</span> <span class='ocrx_word' id='word_1_138' title='bbox 1545 2029 1849 2085; x_wconf 90' lang='lat' dir='ltr'>credendum</span> <span class='ocrx_word' id='word_1_139' title='bbox 1876 2048 1993 2103; x_wconf 90' lang='lat' dir='ltr'>pro-</span> 
     </span>
     <span class='ocr_line' id='line_1_20' title="bbox 267 2122 1992 2197; baseline 0 -19"><span class='ocrx_word' id='word_1_140' title='bbox 267 2125 488 2197; x_wconf 86' lang='lat' dir='ltr'>ponitur.</span> <span class='ocrx_word' id='word_1_141' title='bbox 536 2122 709 2197; x_wconf 89' lang='lat' dir='ltr'>Itaque</span> <span class='ocrx_word' id='word_1_142' title='bbox 752 2125 975 2197; x_wconf 90' lang='lat' dir='ltr'>ipsorum</span> <span class='ocrx_word' id='word_1_143' title='bbox 1021 2124 1271 2194; x_wconf 87' lang='lat' dir='ltr'>objectum</span> <span class='ocrx_word' id='word_1_144' title='bbox 1315 2136 1387 2178; x_wconf 91' lang='lat' dir='ltr'>est</span> <span class='ocrx_word' id='word_1_145' title='bbox 1431 2126 1613 2179; x_wconf 81' lang='lat' dir='ltr'>veritas</span> <span class='ocrx_word' id='word_1_146' title='bbox 1657 2125 1827 2196; x_wconf 88' lang='lat' dir='ltr'>aliqua</span> <span class='ocrx_word' id='word_1_147' title='bbox 1862 2123 1992 2178; x_wconf 93' lang='lat' dir='ltr'>divi-</span> 
     </span>
     <span class='ocr_line' id='line_1_21' title="bbox 269 2219 1993 2292; baseline 0 -20"><span class='ocrx_word' id='word_1_148' title='bbox 269 2219 404 2274; x_wconf 85' lang='lat' dir='ltr'>nitus</span> <span class='ocrx_word' id='word_1_149' title='bbox 466 2219 721 2289; x_wconf 73' lang='lat' dir='ltr'>revelata,</span> <span class='ocrx_word' id='word_1_150' title='bbox 782 2239 934 2292; x_wconf 87' lang='lat' dir='ltr'>quam</span> <span class='ocrx_word' id='word_1_151' title='bbox 998 2220 1170 2274; x_wconf 89' lang='lat' dir='ltr'>fideles</span> <span class='ocrx_word' id='word_1_152' title='bbox 1224 2219 1405 2274; x_wconf 90' lang='lat' dir='ltr'>debent</span> <span class='ocrx_word' id='word_1_153' title='bbox 1449 2220 1661 2274; x_wconf 87' lang='lat' dir='ltr'>firmiter</span> <span class='ocrx_word' id='word_1_154' title='bbox 1703 2219 1904 2275; x_wconf 89' lang='lat' dir='ltr'>credere</span> <span class='ocrx_word' id='word_1_155' title='bbox 1946 2229 1993 2272; x_wconf 89' lang='lat' dir='ltr'>et</span> 
     </span>
     <span class='ocr_line' id='line_1_22' title="bbox 263 2311 1987 2388; baseline -0.001 -21"><span class='ocrx_word' id='word_1_156' title='bbox 263 2313 509 2387; x_wconf 89' lang='lat' dir='ltr'>profiteri.</span> <span class='ocrx_word' id='word_1_157' title='bbox 571 2312 748 2369; x_wconf 90' lang='lat' dir='ltr'>Plures</span> <span class='ocrx_word' id='word_1_158' title='bbox 811 2315 959 2384; x_wconf 87' lang='lat' dir='ltr'>hujus</span> <span class='ocrx_word' id='word_1_159' title='bbox 1020 2315 1215 2385; x_wconf 85' lang='lat' dir='ltr'>generis</span> <span class='ocrx_word' id='word_1_160' title='bbox 1277 2333 1492 2369; x_wconf 89' lang='lat' dir='ltr'>canones</span> <span class='ocrx_word' id='word_1_161' title='bbox 1536 2334 1563 2368; x_wconf 89' lang='lat' dir='ltr'>a</span> <span class='ocrx_word' id='word_1_162' title='bbox 1607 2315 1787 2388; x_wconf 89' lang='lat' dir='ltr'>priscis</span> <span class='ocrx_word' id='word_1_163' title='bbox 1849 2311 1987 2366; x_wconf 88' lang='lat' dir='ltr'>Juris</span> 
     </span>
     <span class='ocr_line' id='line_1_23' title="bbox 266 2407 1988 2482; baseline -0.002 -17"><span class='ocrx_word' id='word_1_164' title='bbox 266 2407 512 2465; x_wconf 90' lang='lat' dir='ltr'>Canonici</span> <span class='ocrx_word' id='word_1_165' title='bbox 572 2409 922 2465; x_wconf 88' lang='lat' dir='ltr'>collectoribus</span> <span class='ocrx_word' id='word_1_166' title='bbox 984 2410 1208 2479; x_wconf 83' lang='lat' dir='ltr'>congesti</span> <span class='ocrx_word' id='word_1_167' title='bbox 1268 2421 1417 2478; x_wconf 77' lang='lat' dir='ltr'>sunt,</span> <span class='ocrx_word' id='word_1_168' title='bbox 1478 2429 1660 2482; x_wconf 86' lang='lat' dir='ltr'>eosque</span> <span class='ocrx_word' id='word_1_169' title='bbox 1715 2407 1988 2464; x_wconf 82' lang='lat' dir='ltr'>Gratianus</span> 
     </span>
     <span class='ocr_line' id='line_1_24' title="bbox 270 2503 1990 2578; baseline -0.001 -21"><span class='ocrx_word' id='word_1_170' title='bbox 270 2515 507 2575; x_wconf 90' lang='lat' dir='ltr'>sequutus</span> <span class='ocrx_word' id='word_1_171' title='bbox 560 2514 669 2572; x_wconf 77' lang='lat' dir='ltr'>est,</span> <span class='ocrx_word' id='word_1_172' title='bbox 713 2523 771 2558; x_wconf 90' lang='lat' dir='ltr'>ac</span> <span class='ocrx_word' id='word_1_173' title='bbox 815 2503 1026 2578; x_wconf 87' lang='lat' dir='ltr'>proinde</span> <span class='ocrx_word' id='word_1_174' title='bbox 1070 2523 1196 2576; x_wconf 86' lang='lat' dir='ltr'>qnae</span> <span class='ocrx_word' id='word_1_175' title='bbox 1240 2504 1488 2558; x_wconf 86' lang='lat' dir='ltr'>catholica</span> <span class='ocrx_word' id='word_1_176' title='bbox 1532 2503 1655 2558; x_wconf 83' lang='lat' dir='ltr'>fides</span> <span class='ocrx_word' id='word_1_177' title='bbox 1700 2503 1761 2557; x_wconf 93' lang='lat' dir='ltr'>de</span> <span class='ocrx_word' id='word_1_178' title='bbox 1803 2504 1990 2556; x_wconf 90' lang='lat' dir='ltr'>unitate</span> 
     </span>
     <span class='ocr_line' id='line_1_25' title="bbox 266 2595 1990 2671; baseline -0.001 -20"><span class='ocrx_word' id='word_1_179' title='bbox 266 2595 380 2666; x_wconf 88' lang='lat' dir='ltr'>Dei,</span> <span class='ocrx_word' id='word_1_180' title='bbox 412 2609 458 2651; x_wconf 90' lang='lat' dir='ltr'>et</span> <span class='ocrx_word' id='word_1_181' title='bbox 501 2595 840 2653; x_wconf 86' lang='lat' dir='ltr'>Personarum</span> <span class='ocrx_word' id='word_1_182' title='bbox 885 2599 1125 2666; x_wconf 78' lang='lat' dir='ltr'>trinitate,</span> <span class='ocrx_word' id='word_1_183' title='bbox 1155 2596 1215 2651; x_wconf 89' lang='lat' dir='ltr'>de</span> <span class='ocrx_word' id='word_1_184' title='bbox 1258 2596 1351 2651; x_wconf 86' lang='lat' dir='ltr'>Dei</span> <span class='ocrx_word' id='word_1_185' title='bbox 1393 2599 1723 2671; x_wconf 86' lang='lat' dir='ltr'>praescientia</span> <span class='ocrx_word' id='word_1_186' title='bbox 1766 2608 1812 2651; x_wconf 89' lang='lat' dir='ltr'>et</span> <span class='ocrx_word' id='word_1_187' title='bbox 1848 2616 1990 2669; x_wconf 89' lang='lat' dir='ltr'>prae-</span> 
     </span>
     <span class='ocr_line' id='line_1_26' title="bbox 273 2689 1990 2761; baseline -0.001 -16"><span class='ocrx_word' id='word_1_188' title='bbox 273 2690 640 2760; x_wconf 74' lang='lat' dir='ltr'>destinatione,</span> <span class='ocrx_word' id='word_1_189' title='bbox 684 2690 745 2745; x_wconf 91' lang='lat' dir='ltr'>de</span> <span class='ocrx_word' id='word_1_190' title='bbox 787 2689 1094 2761; x_wconf 78' lang='lat' dir='ltr'>Angelorum</span> <span class='ocrx_word' id='word_1_191' title='bbox 1155 2703 1201 2745; x_wconf 90' lang='lat' dir='ltr'>et</span> <span class='ocrx_word' id='word_1_192' title='bbox 1261 2692 1523 2746; x_wconf 86' lang='lat' dir='ltr'>hominum</span> <span class='ocrx_word' id='word_1_193' title='bbox 1584 2693 1867 2759; x_wconf 73' lang='lat' dir='ltr'>creatione,</span> <span class='ocrx_word' id='word_1_194' title='bbox 1929 2690 1990 2744; x_wconf 91' lang='lat' dir='ltr'>de</span> 
     </span>
     <span class='ocr_line' id='line_1_27' title="bbox 268 2783 1988 2860; baseline -0.001 -21"><span class='ocrx_word' id='word_1_195' title='bbox 268 2787 421 2859; x_wconf 89' lang='lat' dir='ltr'>primi</span> <span class='ocrx_word' id='word_1_196' title='bbox 483 2787 702 2841; x_wconf 91' lang='lat' dir='ltr'>hominis</span> <span class='ocrx_word' id='word_1_197' title='bbox 764 2786 944 2860; x_wconf 79' lang='lat' dir='ltr'>lapsu,</span> <span class='ocrx_word' id='word_1_198' title='bbox 1005 2785 1065 2840; x_wconf 90' lang='lat' dir='ltr'>de</span> <span class='ocrx_word' id='word_1_199' title='bbox 1126 2783 1331 2841; x_wconf 90' lang='lat' dir='ltr'>Christo</span> <span class='ocrx_word' id='word_1_200' title='bbox 1383 2788 1529 2841; x_wconf 91' lang='lat' dir='ltr'>unico</span> <span class='ocrx_word' id='word_1_201' title='bbox 1573 2785 1882 2853; x_wconf 75' lang='lat' dir='ltr'>mediatore,</span> <span class='ocrx_word' id='word_1_202' title='bbox 1927 2784 1988 2838; x_wconf 90' lang='lat' dir='ltr'>de</span> 
     </span>
     <span class='ocr_line' id='line_1_28' title="bbox 270 2876 1985 2949; baseline -0.003 -12"><span class='ocrx_word' id='word_1_203' title='bbox 270 2876 612 2937; x_wconf 83' lang='lat' dir='ltr'>Sacramentis</span> <span class='ocrx_word' id='word_1_204' title='bbox 664 2892 711 2935; x_wconf 91' lang='lat' dir='ltr'>et</span> <span class='ocrx_word' id='word_1_205' title='bbox 758 2898 931 2936; x_wconf 87' lang='lat' dir='ltr'>eorum</span> <span class='ocrx_word' id='word_1_206' title='bbox 974 2879 1268 2949; x_wconf 84' lang='lat' dir='ltr'>effectibus,</span> <span class='ocrx_word' id='word_1_207' title='bbox 1311 2878 1373 2934; x_wconf 90' lang='lat' dir='ltr'>de</span> <span class='ocrx_word' id='word_1_208' title='bbox 1416 2881 1709 2935; x_wconf 85' lang='lat' dir='ltr'>auctoritate</span> <span class='ocrx_word' id='word_1_209' title='bbox 1751 2890 1797 2934; x_wconf 87' lang='lat' dir='ltr'>et</span> <span class='ocrx_word' id='word_1_210' title='bbox 1837 2878 1985 2934; x_wconf 89' lang='lat' dir='ltr'>infal-</span> 
     </span>
    </p>
   </div>
  </div>
 </body>
</html>
