2114 3289
360 126 473 178 142
585 143 701 207 cAP.
734 141 803 177 ιιι,
838 140 899 177 DE
931 140 1173 178 couno'r.
1203 140 1421 179 sAcnon.
1453 141 1702 180 cANoNuii

276 245 661 302 Ecclesiasticae
703 244 946 298 divinitus
990 246 1288 300 constitutae
1331 245 1528 315 inferri,
1579 245 1786 320 perinde
1820 266 1902 302 -ac
1964 249 2006 302 si

275 340 503 396 Ecclesia
547 339 608 394 de
651 338 839 392 divinis
884 335 1032 392 rebus
1076 339 1355 409 transigere
1385 358 1605 412 unquam
1650 342 2006 398 consuevisset.

275 433 531 490 Adversus
592 430 887 502 hujusmodi
948 449 1144 488 errores
1205 431 1320 488 vide
1379 433 1608 489 eumdem
1663 433 2008 505 Roschovany

277 529 430 583 citato
473 527 604 582 loc0.

355 619 561 675 Interim
605 638 721 675 vero
765 631 937 676 nostra
980 621 1279 695 praesertim
1322 632 1481 676 aetate
1523 640 1553 676 a
1602 618 1910 677 Nationibus
1961 632 2009 677 et

273 716 483 769 summis
545 711 872 788 Principibus
934 713 1167 789 Europae
1228 713 1330 769 fere
1390 714 1624 771 omnibus
1685 712 2005 771 Concordata

274 809 398 864 inita
442 819 575 877 sunt,
620 807 755 880 quod
799 806 1056 863 Ecclesiae
1114 820 1160 864 et
1221 807 1441 882 Imperio
1503 808 1625 864 felix
1686 808 2004 882 faustumque

275 903 457 957 extitit.
503 900 641 957 Haec
670 913 834 956 autem
866 900 1186 958 Concordata
1231 904 1476 958 rationem
1503 902 1690 957 habent
1718 923 1817 959 non
1848 905 2006 978 privi-

268 997 409 1068 legii,
453 997 540 1051 sed
606 996 760 1069 pacti,
820 1008 991 1069 estque
1051 997 1178 1052 illud
1235 1009 1436 1071 pactum
1481 1015 1580 1052 non
1640 999 2002 1071 temporarium

270 1092 345 1145 vel
387 1090 670 1165 personale,
715 1089 802 1145 sed
847 1091 979 1145 reale
1007 1111 1064 1146 ac
1096 1104 1410 1166 perpetuum,
1455 1090 1591 1164 quod
1636 1091 1870 1161 religiose
1915 1092 2004 1147 ob-

267 1185 572 1239 servandum
615 1196 705 1239 est.

347 1278 598 1336 Fehronio
660 1292 843 1336 temere
905 1282 1215 1351 affirmanti,
1276 1280 1580 1336 Praetenclit
1657 1280 1818 1335 Curia
1877 1277 2001 1350 (sic

264 1372 610 1449 Apostolicam
655 1374 837 1431 Sedent
881 1373 1140 1445 nominat)
1187 1375 1525 1430 Concordatis
1567 1392 1615 1429 se
1663 1393 1767 1429 non
1817 1375 2002 1447 ligari,

267 1469 534 1542 respondet
577 1468 767 1525 Auctor
810 1468 1045 1524 Febronii
1078 1469 1360 1524 abbreviati
1408 1489 1519 1524 cuni
1559 1471 1688 1524 notis
1743 1482 1862 1526 tom.
1906 1469 1999 1525 Ill.

237 1559 312 1633 ᾗ.
363 1567 434 1617 14
478 1563 796 1618 Francofurti
831 1576 876 1618 et
904 1562 1107 1637 Lipsiae
1159 1566 1329 1619 1785.
1383 1585 1409 1620 «
1446 1563 1550 1618 Ubi
1593 1561 1859 1637 probatio?
1904 1565 1998 1619 hoc

263 1680 289 1715 «
333 1680 419 1733 per
462 1680 513 1715 sc
556 1672 601 1715 et
645 1661 942 1733 simpliciter
985 1660 1175 1714 dictum
1220 1659 1550 1715 falsissimum
1588 1673 1678 1714 est:
1726 1660 2000 1715 audiantur

262 1774 287 1809 ((
331 1756 493 1809 solnm
540 1757 635 1829 ipsi
682 1753 879 1809 Summi
923 1752 1196 1809 Pontifices
1259 1753 1577 1809 Innocentius
1639 1753 1708 1823 X,
1769 1753 1998 1810 Clemens

265 1871 289 1905 «
333 1848 453 1920 Vll,
498 1849 689 1905 Paulus
733 1849 798 1919 V,
845 1847 1122 1920 Gregorius
1166 1848 1317 1918 XIII„
1349 1849 1462 1904 dein
1498 1849 1844 1920 distinguatur
1873 1853 2000 1905 inter

260 1965 285 1999 t<
336 1947 637 1998 Poleslalem
682 1944 879 2000 Summi
925 1942 1210 2012 pontifi-eis9
1241 1957 1287 1998 et
1320 1964 1462 1997 asam
1512 1944 1804 2013 Poteslalis,
1851 1957 1996 2018 prout

260 2063 285 2096 a
330 2052 495 2094 monet
546 2039 851 2095 Germaniae
895 2038 1170 2095 Canonista
1216 2038 1278 2095 D.
1326 2039 1533 2094 Barthel
1578 2038 1790 2095 Dissert.
1835 2038 1999 2095 Gene-

259 2156 284 2190 «
329 2135 421 2190 ral.
467 2135 528 2189 de
572 2132 825 2190 Concord.
873 2154 983 2208 cap.
1031 2139 1083 2189 3.
1130 2146 1248 2189 sect.
1299 2136 1349 2189 2.
1396 2152 1533 2189 num.
1589 2137 1643 2188 3.
1692 2145 1739 2187 et
1792 2138 1843 2189 5.
1894 2133 1998 2188 Ubi

262 2248 289 2283 «
331 2231 419 2283 ait:
465 2246 577 2281 cum
622 2228 822 2282 utilitas
864 2227 1147 2281 eommunis
1180 2227 1597 2294 ‘evielen{iss-invaj
1635 2239 1791 2301 pala,
1822 2228 1865 2281 si
1891 2247 1995 2281 ino-

258 2324 490 2379 «derna
553 2322 831 2394 disciplina
883 2322 940 2376 in
998 2341 1199 2394 yravc’S,
1261 2341 1548 2376 communes
1607 2334 1651 2376 et
1710 2333 1991 2376 constantes·

256 2438 280 2473 s<
323 2418 507 2471 abusu-s
563 2427 800 2490 patenter
862 2417 1195 2487 (leyenerarec
1251 2428 1339 2472 etc,
1402 2428 1492 2471 ant
1558 2416 1987 2471 extraordinaria

254 2532 279 2567 a
321 2511 626 2582 qrcwissivna
652 2510 909 2585 flagitaret
938 2511 1191 2564 Ecclesiae
1220 2512 1510 2577 necessitas2
1547 2529 1614 2565 eac
1652 2510 1982 2565 Plenitncline

260 2626 286 2661 ((
330 2605 625 2672 Ροτθεὶατῐε,
671 2605 968 2659 dominante
1028 2605 1287 2660 Charilam
1338 2617 1383 2659 ec
1424 2605 1712 2677 prudentia
1764 2605 1911 2673 (lace,
1956 2624 1987 2658 a

260 2722 286 2757 ((
329 2704 541 2755 Summo
585 2699 831 2773 Ponliszce
882 2698 1155 2771 provideri
1207 2717 1374 2770 posse,
1419 2711 1569 2770 atque
1618 2698 1711 2752 ltoc
1752 2717 1899 2752 sensa
1943 2719 1990 2752 e-

257 2815 283 2849 «
319 2795 530 2866 jusdem
593 2797 922 2861 Poteslatem)
984 2792 1274 2865 yeneralenz
1333 2793 1880 2866 superintendentiam,
1942 2805 1987 2847 et

258 2910 284 2943 a
328 2889 602 2959 imperinm
638 2906 952 2959 supremum)
996 2886 1152 2941 veluti
1194 2887 1453 2943 essentiale
1491 2886 1737 2941 (livinitus
1767 2887 1986 2941 concessi
