2114 3289
440 130 483 204 §-
531 153 699 188 xxxn,
748 152 807 186 DE
850 152 971 186 JURE
1017 152 1230 186 feneum
1275 151 1533 187 censuras
1660 135 1767 186 113

204 257 474 331 Apostolus
518 253 708 310 Paulus
758 257 807 310 1.
854 255 919 309 ad
964 252 1195 310 Corinth.
1242 275 1285 309 e.
1337 258 1387 309 5.
1433 253 1553 307 (lum
1608 254 1855 309 incestuo-

128 370 238 406 sum
299 348 623 405 Corinthium
683 350 1175 417 excommunicavit,
1237 349 1317 404 his
1373 348 1538 403 verbis
1584 367 1701 403 usus
1745 360 1853 403 est:

123 447 232 516 E90
269 443 513 517 judicavi
554 453 610 496 ut
644 460 886 514 praesens
930 461 1084 509 enm,
1129 443 1218 513 qui
1261 443 1330 496 sic
1374 455 1609 515 operatus
1653 453 1752 509 est,
1800 442 1858 495 in

122 538 327 591 nomine
371 536 588 591 Domini
631 537 806 590 Nostri
847 539 968 590 Jesu
1013 536 1223 603 Christi,
1269 537 1585 608 congyreqcttis
1627 537 1765 591 'vobis
1811 547 1855 590 ct

123 651 235 686 meo
292 631 520 704 spiritu,
581 650 695 684 cum
754 631 941 685 virtute
1003 631 1220 685 Domini
1274 633 1449 685 Nostri
1502 634 1621 685 Jesn
1668 631 1857 686 Christi

125 727 331 780 tradere
374 725 676 799 hujusmodi
719 724 977 782 Satltanae
1021 737 1112 781 etc.
1168 724 1330 797 Igitur
1372 729 1612 781 sententia
1656 745 1857 781 excom-

126 822 482 876 municationis
535 821 897 894 pronunciatur
938 839 967 874 a
1009 817 1172 875 Paulo
1216 820 1273 873 in
1316 821 1522 875 nomine
1569 831 1613 874 et
1656 821 1711 873 in
1754 820 1859 874 cir-

122 924 227 968 tute
286 915 503 969 Domini
564 915 740 969 Nostri
798 917 920 968 Jesu
974 913 1199 983 Christi,
1251 915 1346 970 hoc
1391 927 1463 969 est
1506 926 1748 989 potestate
1793 915 1857 969 ab

125 1009 236 1082 ipso
282 1007 487 1065 Christo
531 1020 751 1083 accepta.
816 1007 988 1077 Quam
1033 1008 1237 1082 quidem
1280 1021 1577 1082 potestatem
1622 1006 1857 1063 Christus

125 1101 381 1158 Ecclesiae
410 1103 569 1173 dedit,
597 1123 709 1158 cum
753 1103 948 1174 ligandi
992 1103 1320 1176 solvendique
1364 1115 1660 1177 potestatem
1705 1101 1857 1158 Petro

124 1208 171 1250 et
212 1194 470 1272 Apostolis
514 1199 796 1271 impertitus
839 1209 932 1266 est,
959 1217 1169 1270 eamque
1206 1198 1354 1271 plane
1389 1197 1716 1267 significavit,
1744 1215 1858 1250 cum

124 1291 274 1361 jussit
301 1311 433 1361 eum,
459 1291 549 1362 qui
582 1291 862 1345 Ecclesiam
907 1310 1009 1343 non
1052 1291 1283 1356 audiret,
1312 1302 1558 1360 tanquam
1602 1289 1859 1344 ethnicum

126 1396 173 1440 ct
206 1388 545 1459 publicanmn
588 1387 783 1443 haberi.
830 1386 973 1455 Quid
1017 1389 1150 1442 enim
1194 1387 1334 1441 aliud
1377 1399 1451 1442 est
1494 1387 1715 1459 aliquem
1752 1398 1860 1440 tan-

124 1500 277 1554 quam
319 1481 591 1536 Ethnicum
634 1493 681 1536 et
723 1479 1060 1537 Publicanum
1104 1481 1310 1550 habere,
1354 1483 1454 1536 nisi
1497 1500 1611 1535 eum
1656 1481 1720 1535 ab
1764 1480 1860 1535 Ec-

123 1575 313 1644 clesia,
357 1577 614 1649 sacrisque
658 1576 891 1632 omnibus
934 1573 1221 1650 repellere?
1285 1575 1349 1630 Et
1408 1575 1532 1649 quid
1594 1575 1735 1630 aliud
1786 1587 1859 1630 est

123 1670 344 1742 aliquem
387 1670 451 1725 ab
494 1669 722 1726 Ecclesia
762 1672 1021 1743 sacrisque
1065 1671 1321 1744 repellere,
1356 1672 1454 1725 nisi
1497 1690 1856 1730 eumexcom-

125 1757 432 1820 municare?
477 1763 658 1836 Igitur,
686 1784 748 1818 ex
772 1765 874 1820 illis
920 1762 1115 1819 Christi
1154 1764 1340 1833 verbis,
1369 1764 1500 1819 facta
1528 1763 1854 1820 Antistitilms

125 1856 384 1914 Ecclesiae
426 1871 644 1933 potestas
688 1871 762 1915 est
805 1856 1127 1914 Christianos
1170 1860 1393 1930 graviter
1435 1871 1696 1932 peccantes
1741 1878 1859 1914 con-

125 1963 446 2026 tumacesque
488 1953 980 2010 excommunicandi.
1025 1951 1295 2009 Praeterea
1338 1954 1469 2008 hanc
1513 1955 1858 2009 excommuni-

124 2048 273 2102 candi
314 2060 610 2123 potestatem
637 2068 665 2103 a
710 2046 915 2104 Christo
961 2047 1216 2103 Ecclesiae
1262 2048 1502 2103 traditam
1546 2047 1702 2103 fuisse
1746 2068 1858 2122 per-

125 2142 356 2215 spicuum
399 2155 472 2198 est
514 2162 591 2197 ex·
618 2155 856 2217 perpetua
901 2145 1060 2217 ipsius
1103 2142 1360 2198 Ecclesiae
1404 2143 1696 2212 traditione,
1734 2145 1858 2198 scri-

124 2238 224 2310 ptis
269 2235 570 2292 Sanctorum
611 2235 853 2306 Patruin,
898 2237 1111 2292 decretis
1155 2236 1463 2294 Pontificum
1507 2250 1553 2292 et
1597 2236 1855 2293 Concilio-

127 2350 238 2386 rum
267 2332 544 2387 canonibus
588 2331 845 2386 evidenter
886 2332 1222 2402 confirmata,
1265 2352 1422 2406 eaque
1465 2344 1704 2406 potestate
1740 2351 1856 2386 usae

124 2438 239 2481 sunt
282 2428 518 2497 antiquae
561 2424 777 2496 Synodi,
811 2424 1039 2481 Nicaena
1083 2426 1323 2482 adversus
1371 2425 1570 2494 Arium,
1597 2425 1852 2499 Ephesina

124 2519 365 2576 adversus
409 2518 724 2589 Nestorium,
752 2522 979 2593 aliaeque
1014 2522 1222 2594 passim.
1270 2520 1716 2587 Quemadmodum
1762 2521 1855 2574 ita-

124 2632 217 2686 que
260 2615 412 2671 homo
455 2635 544 2688 per
586 2616 893 2688 baptismum
940 2616 994 2670 fit
1038 2617 1319 2671 membrum
1365 2615 1640 2682 Ecclesiae,
1672 2616 1719 2669 in
1755 2633 1854 2686 qua

127 2719 200 2762 est
241 2708 489 2765 bonorum
533 2711 757 2766 onmium
804 2711 1145 2783 spiritualium
1191 2710 1609 2776 comimmicatio,
1655 2710 1722 2762 ita
1767 2729 1857 2783 per

126 2805 696 2860 excomnnmicationem
740 2804 805 2859 ab
848 2803 1075 2860 Ecclesia
1119 2806 1346 2874 ejicitur,
1393 2814 1539 2875 atque
1584 2802 1710 2857 adeo
1758 2801 1850 2858 Sa·

129 2898 417 2963 oramentis,
455 2898 739 2967 sacrificiis,
784 2898 1060 2968 suffragiiS,
1105 2900 1262 2955 sacris
1309 2897 1507 2965 officiis,
1549 2898 1730 2970 pietate
1774 2917 1852 2952 ec-

1381 2996 1409 3044 8
