2114 3289
366 143 478 196 124
588 160 704 198 GAP.
736 161 806 196 111.
840 159 901 195 DE
927 159 1171 197 COLLEGT.
1203 158 1424 198 SACROR.
1456 160 1703 199 CANONUM

284 267 317 318 5
364 264 482 320 dist.
531 265 624 333 61,
670 262 898 316 videlicet
943 280 1131 317 canone
1175 262 1439 318 Miramur
1482 265 1677 337 quinto,
1720 263 2004 322 distinctio-

284 378 343 413 ne
388 359 701 429 sexagesima
745 357 927 429 prima.

364 451 420 506 In
463 451 719 524 prioribus
763 450 942 519 viginti
987 449 1395 506 distinctionibus
1442 450 1503 505 de
1546 453 1759 523 origine,
1791 454 2008 509 auctori-

282 557 379 600 tate
423 546 675 616 variisque
735 543 993 617 speciebus
1037 563 1094 599 ac
1132 545 1412 618 zprincipiis
1455 543 1592 601 Juris
1636 545 2001 617 Ecclesiastici3

285 641 336 694 in
380 638 586 710 reliquis
630 637 1039 693 distinctionibus
1084 638 1145 694 de
1189 636 1421 709 ClericiS,
1482 659 1753 713 eorumque
1797 640 2010 695 statibus

284 747 330 789 et
373 733 529 788 officis
573 734 868 806 praesertim
913 734 1097 804 agitur.

366 827 422 882 In
467 827 684 883 secunda
727 827 926 884 Decreti
984 841 1125 902 parte
1193 826 1206 899 (
1268 849 1395 904 quae
1455 831 1504 884 in
1567 850 1744 886 causas
1806 835 1906 898 36,
1966 842 2013 885 et

286 941 612 994 unaquaeque
655 942 805 977 causa
848 924 898 977 in
942 922 1109 996 plures
1163 927 1499 997 quaestiones,
1552 926 1778 996 quaestio
1843 937 2008 979 autem

285 1019 336 1072 in
396 1036 610 1072 canones
671 1017 854 1072 tributa
916 1017 1004 1085 est)
1065 1022 1331 1093 praecipue
1391 1031 1705 1092 exponuntur
1765 1038 1892 1091 quae
1947 1019 2012 1074 ad

283 1111 475 1182 judicia
517 1112 855 1168 ecclesiastica
915 1115 1180 1186 pertinent.
1244 1113 1301 1168 ln
1362 1115 1455 1169 hac
1525 1126 1665 1188 parte
1731 1116 2012 1185 allegantur

287 1207 362 1260 vel
404 1208 576 1280 priora
619 1209 824 1263 canonis
868 1227 953 1262 seu
996 1210 1175 1282 capitis
1223 1209 1391 1277 verba,
1455 1209 1531 1263 vel
1591 1210 1698 1279 ejus·
1752 1227 2008 1278 numeruS,

287 1313 333 1355 et
375 1313 628 1374 praeterea
673 1321 844 1370 causa,
887 1314 932 1356 et
976 1304 1222 1374 quaestio,
1267 1304 1337 1357 uti
1381 1322 1495 1358 cau.
1545 1306 1577 1355 Ξ.)
1621 1322 1759 1358 σακε.
1796 1307 1826 1356 8
1861 1321 1908 1374 q.
1958 1306 2011 1372 2,

288 1396 383 1451 hoc
427 1407 498 1450 est
540 1415 728 1450 canone
771 1396 1010 1464 secundo,
1041 1416 1191 1451 causa
1223 1409 1418 1465 octava,
1450 1399 1738 1469 quaestione
1766 1397 2007 1453 secunda.

290 1487 345 1542 In
406 1490 499 1543 hac
561 1489 777 1544 secunda
836 1501 976 1563 parte
1043 1489 1108 1544 ad
1169 1510 1372 1545 causam
1442 1492 1753 1560 trigesimam
1807 1493 2005 1545 tertiam

286 1586 576 1656 quaestione
619 1586 763 1638 tertia
806 1596 942 1638 extat
986 1588 1258 1637 Tractatus
1301 1586 1362 1637 de
1395 1584 1711 1656 poenitentia
1741 1587 1790 1638 in
1823 1585 2009 1639 distin-

285 1678 473 1733 ctiones
517 1690 703 1750 septem
747 1677 964 1747 divisus,
1008 1698 1163 1751 quare
1206 1680 1355 1749 hujus
1410 1678 1747 1733 distinctionis
1791 1699 2006 1734 canones

286 1774 520 1841 citantur,
565 1785 649 1827 aut
691 1791 927 1844 expresso
972 1792 1199 1842 numero,
1245 1786 1327 1828 aut
1372 1793 1489 1829 voce
1531 1775 1713 1829 initiali
1775 1776 2003 1844 canoniS,

286 1878 333 1920 et
377 1885 583 1921 numero
631 1868 969 1923 distinctionis
1002 1868 1063 1922 de
1094 1870 1396 1941 poenitentia
1434 1887 1476 1924 e.
1508 1886 1558 1938 g.
1589 1886 1700 1924 cau.
1737 1872 2014 1940 Lac-rymue

290 1964 322 2014 2
367 1961 483 2017 (list.
534 1965 557 2014 1
609 1964 670 2015 de
707 1964 901 2034 poenit.

365 2055 567 2111 Tertiae
611 2069 776 2111 autem
820 2059 978 2131 partis
1022 2057 1196 2112 eadem
1249 2069 1322 2111 est
1384 2077 1511 2130 quae
1572 2059 1763 2131 primae
1825 2057 2010 2112 divisio

286 2151 337 2204 in
381 2150 747 2220 distinctiones,
792 2164 837 2206 et
880 2171 1115 2221 canones,
1154 2153 1204 2206 in
1248 2171 1402 2224 eaque
1446 2152 1507 2206 de
1549 2153 1696 2207 rebus
1739 2165 1785 2206 et
1829 2152 2010 2207 ritibus

293 2246 450 2299 sacris
496 2257 755 2314 tractatur,
800 2265 952 2318 quam
997 2247 1062 2301 01)
1093 2265 1296 2301 causam
1328 2246 1389 2299 (le
1432 2246 1804 2300 consecratione
1834 2247 2012 2301 inscri-

285 2351 369 2412 pta
413 2351 504 2394 est.
549 2337 780 2394 Citantur
823 2341 990 2413 itaque
1033 2359 1248 2395 canones
1293 2361 1381 2414 per
1422 2343 1593 2414 priora
1637 2345 1859 2415 ipsorum
1904 2360 2011 2394 ver-

286 2434 371 2502 ba,
416 2435 491 2488 vel
534 2453 816 2502 numerum,
861 2434 1035 2488 addito
1081 2454 1286 2490 numero
1347 2435 1704 2504 distinctionis,
1767 2435 2007 2507 quemad-

290 2528 495 2583 modum
539 2548 753 2583 canones
798 2530 991 2602 primae
1037 2530 1216 2602 partis,
1261 2530 1348 2583 sed
1392 2541 1443 2584 ut
1485 2549 1698 2585 canones
1755 2529 2011 2600 utriusque

287 2621 444 2692 partis
490 2619 860 2688 discernantur,
904 2621 1027 2674 locis
1089 2640 1150 2674 ex
1213 2623 1357 2675 tertia
1417 2633 1558 2694 parte
1617 2621 1832 2674 laudatis
1892 2619 2014 2675 addi

286 2717 409 2769 soiet
453 2717 514 2767 (le
555 2715 951 2780 consecratione,
996 2716 1144 2769 sicuti
1187 2733 1301 2770 can.
1351 2717 1375 2767 1
1427 2716 1543 2771 dist.
1582 2719 1606 2769 1
1645 2716 1705 2768 de
1734 2726 2008 2771 consecrat.

286 2807 423 2863 Ilaec
468 2811 671 2882 partitio
716 2808 914 2863 Decreti
958 2809 1009 2863 in
1053 2820 1150 2863 tres
1196 2810 1490 2882 praecipuas
1552 2820 1717 2882 partes
1779 2808 1839 2863 de
1901 2828 2012 2882 per-

285 2904 442 2971 sonis,
486 2903 547 2957 de
587 2903 814 2973 judiciis,
857 2902 919 2957 de
964 2903 1111 2958 rebus
1154 2903 1506 2958 ecclesiasticis
1551 2914 1665 2976 apta
1696 2914 1741 2957 et
1773 2902 2004 2958 ordinata
