2114 3289
348 122 464 174 122
512 140 606 174 Lm.
629 138 680 173 Π.
705 139 749 173 c.
771 137 804 172 1.
830 135 889 170 DE
921 135 968 170 R.
1000 133 1266 171 PONTIFICE
1294 132 1465 175 muso.
1489 132 1823 171 ADJUTORIBUS

255 243 469 318 proinde
512 262 568 296 ea
610 250 829 314 potestas
880 238 990 307 jure
1052 236 1225 293 divino
1283 237 1512 311 pertinet.
1577 234 1803 292 Praelati
1867 257 1983 295 vero

255 336 537 393 saeculares
581 352 693 389 cum
736 330 1021 386 Territorio
1066 341 1319 403 separato9
1346 328 1694 386 Moderatores
1723 316 1981 386 Ordinum

255 430 654 501 Religiosorum9
679 438 726 481 et
760 426 1038 496 generatim
1081 443 1253 480 omnes
1295 423 1699 494 jurisdictionem
1742 424 1982 480 habentes

254 527 308 580 in
368 524 477 579 foro
530 505 733 577 externo
776 530 988 594 possunt
1032 517 1208 575 eadem
1252 528 1494 591 potestate
1537 521 1608 573 uti
1650 539 1713 574 ex
1754 520 1864 590 jure
1906 538 1988 575 ec-

253 618 571 685 clesiasti003
614 634 714 670 non
760 634 878 671 vero
922 612 1183 670 Parochi:
1229 631 1446 685 namque
1489 625 1542 667 ut
1568 615 1751 687 optime
1779 613 1984 669 disserit

254 709 454 767 Hurtad
504 709 566 764 de
617 708 1002 765 Excommunic.
1049 707 1291 782 disputat.
1340 708 1432 762 1⁶2.
1478 706 1684 763 difficul.
1734 710 1785 763 1.
1831 727 1880 764 n.
1930 711 1984 764 ⁵2.

250 805 601 861 Commttm'ter
643 808 886 858 Doctores
927 812 1117 873 nequiit
1160 800 1396 855 Paroclto
1432 811 1731 873 potestatem
1773 802 1988 856 ordina-

247 900 385 954 riam
429 898 936 970 excommunicamli.
982 899 1049 950 Ec
1090 896 1297 963 merite,
1335 896 1459 967 quia
1500 914 1591 949 nec
1635 913 1703 949 ecc
1744 913 1832 950 suo
1876 914 1988 950 mu-

250 1013 410 1061 nere,
454 1012 544 1048 nec
588 1012 655 1048 eac
692 992 818 1066 jure
862 992 1008 1046 habet
1043 1002 1385 1064 potestatem,
1430 1008 1517 1044 seu
1562 989 1989 1064 jurisdictionem

250 1090 310 1143 in
359 1089 474 1161 foro
525 1088 872 1142 contentioso:
935 1086 1039 1141 Ubi
1083 1085 1305 1142 notanda
1349 1097 1460 1140 sunt
1503 1105 1561 1141 ea
1606 1085 1757 1140 verba
1801 1095 1988 1157 neqant

249 1184 486 1238 Paroclzo
505 1193 804 1256 potestatem
834 1181 1165 1235 ordinariam
1185 1201 1208 1251 9·
1253 1181 1382 1235 nihil
1426 1181 1562 1236 enim
1605 1179 1836 1254 impedit,
1868 1199 1992 1253 quo-

251 1280 418 1334 minus
462 1277 814 1333 Parochorum
856 1277 1043 1349 aliquis
1087 1286 1330 1350 potestate
1364 1274 1769 1329 extraordinaria
1796 1293 1877 1332 ex.
1908 1293 1987 1345 gr.

251 1392 314 1427 ex
342 1373 632 1447 privilegiO,
664 1372 739 1426 vel
765 1372 988 1442 legitime
1031 1371 1343 1444 praescripta
1387 1368 1746 1424 consuetudine
1788 1388 1990 1426 excom-

251 1468 642 1522 municationem
705 1467 756 1520 in
818 1485 934 1520 suos
981 1462 1336 1518 Parochianos
1381 1461 1526 1519 ferat.
1590 1461 1746 1530 Quod
1790 1466 1833 1518 si
1876 1483 1988 1538 cap.

253 1567 376 1619 Cum
421 1564 484 1616 ab
527 1562 875 1616 Ecclesiarum
919 1561 980 1614 de
1025 1561 1155 1616 offic,
1200 1558 1319 1616 Jud.
1366 1559 1532 1615 ordin.
1577 1563 1985 1616 excommunica-

251 1661 440 1714 tionem
467 1678 495 1712 a
523 1656 750 1712 Plebano
786 1655 842 1712 S.
886 1654 1149 1710 Pancratii
1193 1654 1254 1710 de
1297 1653 1465 1709 Lucar
1507 1655 1558 1708 in
1602 1673 1719 1709 suos
1762 1652 1988 1711 Clericos

255 1765 302 1808 et
344 1753 503 1808 laicos
565 1752 723 1806 latam
767 1748 1058 1805 Alexander
1101 1748 1178 1803 ΙΙΙ
1222 1761 1384 1804 ratam
1445 1749 1660 1818 habuit,
1720 1749 1989 1805 tenendum

252 1847 478 1921 profecto
539 1858 649 1914 est,
711 1843 993 1899 Plebanum
1046 1843 1457 1899 extraordinaria
1499 1854 1742 1917 potestate
1784 1845 1992 1915 egisse,

253 1941 684 2014 quemadmodum
744 1939 998 2007 Theologi
1057 1950 1104 1993 et
1159 1936 1464 1994 Canonistae
1517 1937 1619 1993 fere
1663 1956 1835 1994 omnes
1879 1958 1990 1994 eam

252 2035 565 2091 Decretalem
618 2036 1009 2109 interpretantur
1060 2045 1286 2107 respectu
1331 2032 1506 2088 habito
1551 2032 1617 2087 ad
1661 2052 1840 2088 munus
1885 2032 1987 2089 Pa-

253 2132 497 2201 rochiale,
526 2132 589 2185 ad
619 2133 698 2202 jus
744 2132 973 2185 divinum
1017 2142 1063 2185 et
1106 2131 1522 2199 ecclesiasticum,
1550 2141 1698 2203 atque
1733 2130 1798 2184 ad
1828 2131 1988 2204 ipsius

255 2226 512 2282 Ecclesiae
557 2245 784 2295 sensum,
830 2227 934 2280 sive
977 2227 1208 2299 praxim,
1252 2236 1496 2297 quatenus
1539 2244 1650 2279 eam
1693 2236 1990 2298 potestatem

256 2322 571 2377 ordinariam
616 2339 863 2393 nusquam
907 2319 1129 2375 Parochi
1173 2331 1518 2375 exercuerunt.
1563 2318 1629 2374 At
1656 2339 1772 2375 vero
1798 2318 1978 2374 Petrus

256 2416 552 2486 Mingonius
613 2415 974 2488 disceptatione
1033 2413 1315 2469 Florentiae
1358 2414 1492 2469 edita
1537 2433 1619 2470 an.
1669 2416 1840 2470 1732.
1901 2417 1979 2469 Dc

255 2511 584 2565 eminentiori
645 2509 999 2563 Paroelmrum
1059 2510 1310 2580 diqm'lctte
1361 2527 1518 2580 supra
1561 2509 1839 2564 Canonicos
1879 2528 1980 2563 non

255 2607 507 2661 dubitavit
548 2604 828 2665 Alexandri
872 2601 967 2659 ΙΙΙ.
1014 2616 1226 2658 mentem
1270 2605 1417 2659 aliter
1459 2605 1797 2678 interpretari,
1829 2615 1977 2677 atque

253 2701 662 2775 interpretatione
706 2719 817 2768 sua,
861 2699 1006 2771 quasi
1050 2711 1184 2753 certo
1228 2698 1492 2770 solidoque
1534 2698 1858 2753 fundamento
1902 2700 1978 2754 ni-

256 2814 348 2849 xus
410 2795 626 2868 probare
685 2793 975 2863 contendit,
1028 2791 1289 2848 Parochos
1338 2803 1579 2866 potestate
1621 2792 1881 2849 ordinaria
1925 2796 1977 2849 in

256 2889 367 2946 foro
429 2903 633 2946 externo
692 2889 985 2964 praeditos,
1044 2889 1256 2962 ideoque
1314 2889 1750 2945 excommunicare
1809 2908 1975 2964 posse.
