2114 3289
341 118 440 167 146
494 133 584 168 Llss.
609 132 659 167 11.
683 132 726 167 e.
750 130 782 164 1.
817 129 875 163 ne
907 129 950 161 11.
985 126 1249 161 voum-‘me
1279 125 1444 167 EitsQ„
1477 125 1812 160 ADJbToutsstts

303 237 558 282 Memoratu
605 232 798 290 dignum
849 234 920 274 est
965 223 1217 284 judicium,
1269 227 1391 283 quod
1439 225 1704 285 theologica
1753 226 1970 271 Facultas

237 314 532 363 Coloniensis
568 312 676 358 tulit
711 322 786 354 an.
833 308 956 354 1618
993 308 1214 353 adversus
1263 307 1432 353 librum
1478 307 1625 353 Marci
1673 306 1867 352 Antonii
1916 306 1972 351 de

235 397 451 444 DoniInis
485 392 538 439 de
574 389 824 452 Republica
860 387 1190 435 ecelesiastica.
1227 387 1314 433 Hie
1353 395 1514 433 auctor
1561 394 1703 446 eaput
1746 386 1801 431 12
1835 386 1974 432 liberi

234 480 295 525 IV
329 479 392 523 ita
429 474 754 531 inscripserat:
795 471 981 530 Leqatos
1015 468 1214 515 Romani
1251 466 1498 530 Pontificis
1534 474 1674 514 eoetra
1711 466 1969 514 Ecclesiam

232 563 489 607 Romanam
508 554 599 602 vim
618 553 764 601 uttam
785 552 949 600 habere
969 558 1255 613 potestatem.
1289 553 1496 597 Censura
1530 552 1798 598 Facultatis:
1831 549 1971 595 Titu-

235 642 308 689 lus
340 638 620 695 haereticus,
655 635 997 691 schismaticae,
1033 642 1075 681 et
1109 632 1374 681 seditiosus.
1413 635 1528 679 Item
1563 647 1611 678 n.
1650 634 1712 678 22
1750 631 1967 691 ejusdem

234 723 420 782 capitis:
458 719 712 767 Postremis
745 718 926 765 demum
971 716 1253 778 temporibus
1302 715 1573 777 Leqationes
1620 718 1873 772 Romanae,
1927 720 1969 760 et

234 802 557 850 Nuntiaturae
588 799 650 847 ad
681 799 960 856 avaritiam,
995 797 1315 856 ambitionem,
1354 804 1395 844 et
1431 795 1492 842 ad
1527 795 1626 842 sola
1660 796 1842 856 neqotia
1879 804 1976 842 ter-

238 899 356 932 renu
389 889 432 930 et
465 881 742 945 temporalia
776 878 1022 943 expeditae
1057 885 1186 939 sunt,
1223 886 1266 926 et
1300 876 1634 940 expediuntur.
1675 876 1846 923 Nuntii
1869 891 1974 924 vero

239 967 397 1027 Papae
433 978 556 1011 nunc
591 961 774 1010 dierum
809 961 870 1008 ad
912 962 1262 1023 Imperatorem,
1301 963 1482 1019 Reyem,
1530 960 1802 1004 Potentatus
1848 956 1977 1004 chri-

240 1047 420 1094 stianos
456 1044 608 1093 eodem
638 1045 825 1107 pariter
861 1043 956 1091 Ioco
1005 1050 1132 1100 sunt,
1170 1058 1257 1105 quo
1297 1046 1464 1103 Reyum
1516 1039 1673 1101 Leqati
1718 1040 1771 1085 in
1818 1038 1976 1086 Curiis

239 1127 520 1189 Principum
555 1125 871 1173 saecularium
890 1140 976 1186 pro
999 1124 1197 1185 neyotiis
1233 1123 1461 1170 nimirum
1492 1120 1810 1169 saecularibus
1830 1119 1978 1181 potis-

240 1210 410 1257 simum
444 1207 709 1256 tractandis
743 1215 786 1255 et
820 1206 1108 1268 indaqandis
1130 1212 1480 1254 commorantes.
1517 1204 1576 1250 Et
1600 1210 1718 1250 certe
1741 1202 1783 1249 si
1805 1201 1978 1264 optimo

244 1307 318 1338 eos
350 1291 537 1338 nomine
584 1289 900 1350 insiqniamus
948 1295 1057 1336 sunt
1105 1295 1332 1342 oratores,
1369 1287 1446 1333 sin
1487 1301 1593 1332 vero
1636 1284 1975 1346 exploratores.

244 1376 451 1421 Censura
484 1373 754 1420 Facultatis:
797 1371 956 1429 Falsa,
1006 1370 1227 1418 seditiosa
1275 1370 1328 1416 in
1376 1372 1634 1416 Romanum
1683 1367 1976 1430 Pontificem,

246 1455 436 1517 ejusque
473 1454 662 1514 Leyatos
697 1452 1005 1499 calumniosa.

312 1541 375 1584 De
410 1538 498 1583 hoe
534 1543 807 1594 argumento
845 1536 948 1581 vide
986 1535 1411 1594 praeclarissimum
1448 1546 1564 1591 opus
1601 1533 1667 1577 Pii
1713 1533 1770 1577 VI
1806 1533 1977 1577 Romae

244 1619 418 1666 editum
456 1630 531 1662 an.
563 1616 704 1670 1789,
728 1616 849 1673 quod
874 1616 1149 1662 inscribitur
1173 1616 1206 1637 ‘⁶
1240 1613 1490 1674 Responsio
1512 1611 1572 1658 acl
1593 1610 1979 1672 Metropolitanos

245 1697 596 1759 Moquntinum,
626 1696 963 1751 Trevirensem,
1001 1694 1336 1753 Coloniensem,
1361 1700 1404 1741 et
1426 1693 1821 1753 Salisburqensem
1844 1705 1981 1753 super

245 1778 560 1827 Nunciaturis
596 1777 873 1839 Apostolicis
909 1810 967 1834 „.

1022 1922 1067 1999 §.
1114 1931 1208 1984 38.

603 2066 675 2111 DE
714 2066 852 2111 JURE
890 2065 1221 2112 RECIPIENDI
1258 2063 1621 2111 RELATIONES

338 2213 418 2269 Ex
459 2233 577 2268 cura
637 2225 682 2268 et
741 2213 1080 2269 sollieitudine
1139 2215 1363 2269 omnium
1422 2210 1792 2281 Ecclesiarum,
1845 2230 1972 2284 quae

261 2308 500 2363 divinitus
553 2305 786 2362 Romano
848 2306 1087 2362 Pontifici
1148 2309 1417 2362 commissa
1479 2306 1590 2376 fuit,
1634 2305 1761 2360 illud
1821 2307 1971 2360 etiam

261 2401 600 2473 consequitur,
644 2400 861 2470 majores
906 2419 1077 2456 omnes
1121 2420 1319 2469 6311535,
1362 2420 1488 2473 quae
1531 2402 1582 2455 111
1625 2400 1835 2470 singulis
1878 2397 1972 2453 Ee-

261 2496 426 2551 elesiis
471 2494 544 2549 vel
605 2495 878 2568 provinciis
940 2494 1225 2562 inciderint,
1269 2493 1332 2549 ad
1385 2492 1729 2568 Apostolicam
1788 2491 1972 2548 Sedem

263 2589 547 2647 referendas
591 2608 717 2658 esse,
760 2601 811 2644 ut
853 2587 1090 2644 Pontifex
1132 2589 1352 2663 undique
1396 2591 1708 2663 possitquae
1735 2599 1848 2643 sunt
1890 2589 1967 2642 5111

264 2686 483 2740 muneris
526 2695 691 2758 partes
744 2683 967 2757 implere.
1031 2680 1295 2738 Glossator
1352 2683 1708 2751 Decretaliurn,
1750 2681 1814 2735 ad
1859 2701 1969 2755 cap.

265 2778 413 2842 Quod
471 2777 858 2831 translationem
919 2776 979 2832 de
1041 2776 1125 2832 off.
1187 2774 1401 2847 Legati,
1451 2776 1821 2848 duasdeviginti
1865 2777 1969 2847 ejus

265 2872 458 2943 generis
502 2890 677 2928 causas
704 2884 976 2927 enumerat.
1021 2868 1308 2927 Generatim
1354 2889 1468 2926 vero
1504 2888 1768 2926 causarum
1811 2871 1970 2941 majo-
