2114 3289
334 95 442 146 216
491 109 585 147 Lus.
611 108 682 145 111.
711 107 756 144 c,
777 106 810 143 1.
840 106 900 142 DE
930 104 1145 142 reason.
1176 105 1314 144 eccm.
1345 107 1553 161 PqTEsr.
1583 106 1837 146 sumum-Is

238 214 392 270 stasio
436 215 486 268 iu
533 213 632 267 vita
676 206 977 278 Agathonis‚
1006 226 1098 281 pro
1141 207 1395 264 electionis
1439 210 1819 287 confirmatione
1853 230 1959 265 cer-

236 321 342 365 tam
384 309 621 383 pecuniae
663 319 913 358 summam
954 301 1240 373 exigebant.
1287 299 1354 357 At
1395 300 1753 360 Constantinus
1789 303 1958 376 Pogo-

237 415 380 458 natus
426 400 552 473 Imp.
598 397 863 472 pristinam
907 394 1163 451 Ecclesiae
1205 395 1486 452 libertatem
1512 399 1747 468 restituit,
1777 399 1956 454 voluit-

237 515 332 570 que
374 506 426 549 ut
468 490 706 549 Pontifex
749 491 987 546 canonice
1029 489 1211 545 electus
1256 491 1362 545 sine
1404 490 1506 545 ulla
1548 489 1829 547 foedissimi
1865 492 1955 546 tri-

234 590 342 646 buti
401 587 683 654 solutione,
746 596 793 640 et
851 585 957 640 sine
1018 584 1120 640 ullo
1182 582 1506 658 Imperatoris
1557 596 1641 639 aut
1691 585 1956 641 Exarchae

235 700 478 739 consensu
522 682 691 736 statim
735 678 1073 735 ordinaretur.
1128 683 1334 748 Verum,
1370 690 1422 732 ut
1464 680 1534 733 ait
1575 676 1955 752 Papebrochius

236 778 286 832 in
347 773 543 832 Conatu
601 773 1112 829 chronico-historico
1171 791 1288 846 pag.
1347 774 1457 827 199
1503 789 1640 828 num.
1689 776 1759 841 3,
1800 772 1958 847 hujus

224 869 495 943 privileqii
537 886 632 921 usu
671 867 922 939 frustrata
962 866 1168 920 videtur
1208 866 1360 938 fuisse
1414 868 1654 920 Romana
1695 867 1958 934 Ecclesia,

232 963 483 1036 quamdiu
518 963 606 1016 sub
655 960 850 1033 qraecis
894 960 1301 1033 [inperatoribus
1342 960 1443 1033 fuit
1465 982 1481 1013 .·
1525 978 1648 1014 nam
1689 977 1844 1032 usque
1887 962 1957 1015 ad

233 1076 448 1130 reqnum
492 1056 952 1128 Lonyobardorum
994 1055 1051 1109 in
1095 1054 1278 1122 Italia,
1317 1065 1362 1109 et
1407 1053 1718 1109 Zachariam
1761 1056 1963 1127 Papam

234 1164 416 1225 quareo
452 1163 566 1226 post
608 1150 880 1206 decessoris
922 1149 1116 1204 obitum
1160 1150 1244 1204 die
1288 1149 1610 1217 ordinatum,
1653 1167 1801 1203 nemo
1841 1148 1964 1221 sicit)

233 1250 383 1324 cujus
441 1249 822 1304 ordinationem
875 1266 978 1301 non
1012 1246 1347 1320 praecesserit
1370 1264 1462 1301 sex
1505 1246 1963 1315 hebdomadarum,

233 1356 288 1399 uc
331 1344 604 1399 minimum
645 1342 1124 1415 interpontificium,
1150 1341 1454 1414 *plerumque
1498 1352 1668 1396 autem
1709 1340 1962 1395 mensium

235 1439 458 1493 duorum
502 1449 547 1492 et
590 1437 849 1510 ampliu53
893 1448 949 1490 ut
992 1437 1229 1490 videatur
1264 1435 1590 1490 Juseinianus
1609 1434 1800 1509 junior
1818 1434 1964 1507 patri

233 1534 499 1588 succedens
541 1531 739 1586 iiullam
783 1531 966 1585 habere
1008 1530 1221 1584 voluisse
1255 1529 1373 1584 talis
1390 1529 1660 1602 privileqii
1684 1528 1961 1595 rationem,

236 1628 323 1682 sed
365 1627 637 1682 inhaesisse
682 1626 767 1692 ei,
830 1625 966 1696 quod
1024 1625 1163 1678 idem
1225 1624 1583 1679 Constantinus
1637 1634 1787 1696 pater
1845 1640 1964 1676 suus

235 1722 324 1776 sub
366 1725 532 1776 Leone
576 1721 811 1786 dederat,
857 1729 912 1772 ut
953 1719 1268 1773 relevaretur
1310 1719 1591 1789 quantitas,
1634 1735 1763 1788 quae
1814 1717 1965 1771 solita

236 1827 343 1870 erac
398 1815 518 1869 clari
571 1832 670 1886 pro
729 1813 1056 1867 ordinatione
1119 1812 1395 1886 Pontificia
1450 1811 1708 1884 facienda.
1772 1810 1963 1866 Eadem

241 1911 484 1965 sententia
529 1921 599 1963 est
644 1907 933 1964 Cardinalis
979 1907 1188 1962 Baronii
1233 1906 1295 1961 ad
1342 1926 1525 1962 annum
1573 1909 1683 1960 686
1733 1924 1867 1961 num.
1910 1910 1961 1961 3.

237 2003 339 2060 Sed
366 2002 636 2074 Cajetanus
681 2000 840 2058 Cenni
867 2002 924 2055 in
951 2002 1083 2056 notis
1127 2000 1494 2072 clironoloyicis
1536 2001 1606 2055 ad
1633 2000 1962 2055 Anastasium

238 2099 294 2152 in
337 2098 442 2151 vita
487 2098 743 2163 CononiS,
788 2108 835 2150 et
879 2095 1108 2151 Mansius
1153 2096 1208 2149 in
1250 2096 1382 2150 notis
1423 2096 1493 2150 ad
1536 2096 1828 2150 Baronium
1871 2114 1960 2170 pu-

237 2205 342 2248 tant
403 2192 466 2246 ab
528 2190 833 2265 Imperatore
893 2188 1180 2246 ,Iustiniano
1236 2189 1284 2244 ll
1339 2188 1588 2261 Pogonati
1633 2188 1958 2264 Imperatoris

238 2289 396 2359 legem
442 2288 738 2358 abrogatam
782 2306 878 2342 non
923 2287 1094 2355 fuisse,
1126 2287 1238 2342 ideo
1283 2286 1417 2359 quod
1461 2287 1566 2356 ejus
1613 2286 1958 2356 abrogationis

241 2383 432 2437 nullum
495 2382 811 2455 perspicuum
874 2380 1264 2450 documentum,
1326 2399 1412 2435 nec
1467 2379 1710 2435 indicium
1756 2378 1958 2452 quidem

241 2479 394 2533 ullum
443 2478 694 2533 afferatur.

319 2572 401 2629 3.⁰
447 2578 489 2627 A
535 2573 789 2627 Zacharia
834 2573 902 2626 ad
946 2572 1218 2627 Nicolaum
1262 2577 1363 2641 II,
1410 2574 1501 2628 hoc
1546 2585 1653 2641 est,
1707 2572 1770 2625 ab
1831 2589 1960 2625 anno

244 2673 345 2724 741
398 2672 461 2725 ad
505 2689 687 2725 annum
737 2672 906 2724 1058.
955 2668 1232 2723 Zacharias
1277 2671 1443 2741 itaque
1488 2687 1617 2723 anno
1667 2668 1767 2720 741
1823 2665 1957 2719 Pon-

240 2765 359 2819 tifex
404 2768 728 2835 inauguratus
773 2776 860 2819 est.
924 2761 1027 2829 Qui
1073 2773 1245 2836 putant
1287 2763 1567 2817 libertatem
1614 2763 1952 2828 electionun1‚

240 2878 388 2930 quam
450 2857 738 2929 Pogonatus
791 2857 1068 2930 imperator
1111 2868 1456 2925 concesserat,
1501 2875 1528 2911 a
1575 2854 1861 2912 Justiniano
1908 2853 1955 2908 ΙΙ
