<?xml version="1.0" encoding="UTF-8"?>
<!DOCTYPE html PUBLIC "-//W3C//DTD XHTML 1.0 Transitional//EN"
    "http://www.w3.org/TR/xhtml1/DTD/xhtml1-transitional.dtd">
<html xmlns="http://www.w3.org/1999/xhtml" xml:lang="en" lang="en">
 <head>
  <title>
</title>
<meta http-equiv="Content-Type" content="text/html;charset=utf-8" />
  <meta name='ocr-system' content='tesseract 3.04.00' />
  <meta name='ocr-capabilities' content='ocr_page ocr_carea ocr_par ocr_line ocrx_word'/>
</head>
<body>
  <div class='ocr_page' id='page_1' title='image "./joanniscardinali00sogl_0382.png"; bbox 0 0 2114 3289; ppageno 0'>
   <div class='ocr_carea' id='block_1_1' title="bbox 364 115 1895 168">
    <p class='ocr_par' dir='ltr' id='par_1_1' title="bbox 364 115 1895 168">
     <span class='ocr_line' id='line_1_1' title="bbox 364 115 1895 168; baseline 0.001 -3"><span class='ocrx_word' id='word_1_1' title='bbox 364 115 473 166; x_wconf 74' lang='lat'>208</span> <span class='ocrx_word' id='word_1_2' title='bbox 525 131 617 167; x_wconf 75' lang='lat' dir='ltr'>mss.</span> <span class='ocrx_word' id='word_1_3' title='bbox 652 131 720 166; x_wconf 84' lang='lat'>111.</span> <span class='ocrx_word' id='word_1_4' title='bbox 750 130 795 165; x_wconf 80' lang='lat' dir='ltr'>C.</span> <span class='ocrx_word' id='word_1_5' title='bbox 826 130 856 163; x_wconf 89' lang='lat'>1.</span> <span class='ocrx_word' id='word_1_6' title='bbox 889 129 947 163; x_wconf 82' lang='lat' dir='ltr'>DE</span> <span class='ocrx_word' id='word_1_7' title='bbox 979 129 1195 165; x_wconf 69' lang='lat' dir='ltr'>Pnnsou.</span> <span class='ocrx_word' id='word_1_8' title='bbox 1226 129 1367 168; x_wconf 81' lang='lat' dir='ltr'><strong>EGGL.</strong></span> <span class='ocrx_word' id='word_1_9' title='bbox 1400 131 1608 166; x_wconf 78' lang='lat' dir='ltr'>POTEST.</span> <span class='ocrx_word' id='word_1_10' title='bbox 1640 130 1895 167; x_wconf 69' lang='lat' dir='ltr'>summus</span> 
     </span>
    </p>
   </div>
   <div class='ocr_carea' id='block_1_2' title="bbox 247 231 1993 2950">
    <p class='ocr_par' dir='ltr' id='par_1_2' title="bbox 247 231 1993 2950">
     <span class='ocr_line' id='line_1_2' title="bbox 259 231 1993 306; baseline 0.001 -18"><span class='ocrx_word' id='word_1_11' title='bbox 259 253 448 289; x_wconf 72' lang='lat' dir='ltr'>uorum</span> <span class='ocrx_word' id='word_1_12' title='bbox 502 239 904 306; x_wconf 78' lang='lat' dir='ltr'><strong><em>Imperatorum.</em></strong></span> <span class='ocrx_word' id='word_1_13' title='bbox 966 231 1111 287; x_wconf 91' lang='lat' dir='ltr'>Hanc</span> <span class='ocrx_word' id='word_1_14' title='bbox 1155 233 1407 305; x_wconf 86' lang='lat' dir='ltr'>siquidem</span> <span class='ocrx_word' id='word_1_15' title='bbox 1451 232 1766 291; x_wconf 88' lang='lat' dir='ltr'>Clericorum</span> <span class='ocrx_word' id='word_1_16' title='bbox 1809 236 1993 291; x_wconf 89' lang='lat' dir='ltr'>immu-</span> 
     </span>
     <span class='ocr_line' id='line_1_3' title="bbox 261 323 1991 402; baseline -0.001 -17"><span class='ocrx_word' id='word_1_17' title='bbox 261 331 469 385; x_wconf 78' lang='lat' dir='ltr'>nitatem</span> <span class='ocrx_word' id='word_1_18' title='bbox 533 329 596 385; x_wconf 89' lang='lat' dir='ltr'>ab</span> <span class='ocrx_word' id='word_1_19' title='bbox 657 338 816 382; x_wconf 84' lang='lat' dir='ltr'>aetate</span> <span class='ocrx_word' id='word_1_20' title='bbox 876 323 1199 383; x_wconf 77' lang='lat' dir='ltr'>Constantini</span> <span class='ocrx_word' id='word_1_21' title='bbox 1259 325 1438 399; x_wconf 82' lang='lat' dir='ltr'>Magni</span> <span class='ocrx_word' id='word_1_22' title='bbox 1496 329 1560 384; x_wconf 85' lang='lat' dir='ltr'>ad</span> <span class='ocrx_word' id='word_1_23' title='bbox 1614 341 1785 384; x_wconf 88' lang='lat' dir='ltr'>nostra</span> <span class='ocrx_word' id='word_1_24' title='bbox 1835 347 1991 402; x_wconf 87' lang='lat' dir='ltr'>usque</span> 
     </span>
     <span class='ocr_line' id='line_1_4' title="bbox 261 409 1991 498; baseline -0.001 -19"><span class='ocrx_word' id='word_1_25' title='bbox 261 436 485 498; x_wconf 87' lang='lat' dir='ltr'>tempora</span> <span class='ocrx_word' id='word_1_26' title='bbox 529 433 767 496; x_wconf 88' lang='lat' dir='ltr'>perpetuo</span> <span class='ocrx_word' id='word_1_27' title='bbox 811 432 1194 493; x_wconf 82' lang='lat' dir='ltr'>constanterque</span> <span class='ocrx_word' id='word_1_28' title='bbox 1239 421 1558 477; x_wconf 84' lang='lat' dir='ltr'>observatam</span> <span class='ocrx_word' id='word_1_29' title='bbox 1600 409 1882 492; x_wconf 37' lang='lat' dir='ltr'>fuissegres</span> <span class='ocrx_word' id='word_1_30' title='bbox 1917 434 1991 477; x_wconf 86' lang='lat' dir='ltr'>est</span> 
     </span>
     <span class='ocr_line' id='line_1_5' title="bbox 262 514 1986 590; baseline 0 -18"><span class='ocrx_word' id='word_1_31' title='bbox 262 517 387 572; x_wconf 87' lang='lat' dir='ltr'>adeo</span> <span class='ocrx_word' id='word_1_32' title='bbox 449 527 566 572; x_wconf 87' lang='lat' dir='ltr'>nota</span> <span class='ocrx_word' id='word_1_33' title='bbox 626 527 673 570; x_wconf 87' lang='lat' dir='ltr'>et</span> <span class='ocrx_word' id='word_1_34' title='bbox 732 514 1033 583; x_wconf 86' lang='lat' dir='ltr'>manifesta,</span> <span class='ocrx_word' id='word_1_35' title='bbox 1088 526 1140 570; x_wconf 89' lang='lat' dir='ltr'>ut</span> <span class='ocrx_word' id='word_1_36' title='bbox 1191 516 1243 570; x_wconf 86' lang='lat' dir='ltr'>in</span> <span class='ocrx_word' id='word_1_37' title='bbox 1287 514 1497 570; x_wconf 87' lang='lat' dir='ltr'>dubium</span> <span class='ocrx_word' id='word_1_38' title='bbox 1544 518 1713 573; x_wconf 83' lang='lat' dir='ltr'>vocari</span> <span class='ocrx_word' id='word_1_39' title='bbox 1757 527 1986 590; x_wconf 87' lang='lat' dir='ltr'>nequeat.</span> 
     </span>
     <span class='ocr_line' id='line_1_6' title="bbox 259 605 1989 684; baseline 0 -19"><span class='ocrx_word' id='word_1_40' title='bbox 259 611 364 667; x_wconf 86' lang='lat' dir='ltr'>Sub</span> <span class='ocrx_word' id='word_1_41' title='bbox 430 609 833 682; x_wconf 63' lang='lat' dir='ltr'>[inperatoribus</span> <span class='ocrx_word' id='word_1_42' title='bbox 892 618 1064 663; x_wconf 86' lang='lat' dir='ltr'>autem</span> <span class='ocrx_word' id='word_1_43' title='bbox 1108 608 1320 664; x_wconf 76' lang='lat' dir='ltr'>ethnicis</span> <span class='ocrx_word' id='word_1_44' title='bbox 1364 605 1719 684; x_wconf 84' lang='lat' dir='ltr'>(prosequitur</span> <span class='ocrx_word' id='word_1_45' title='bbox 1763 606 1989 681; x_wconf 87' lang='lat' dir='ltr'>Suarez)</span> 
     </span>
     <span class='ocr_line' id='line_1_7' title="bbox 259 703 1992 777; baseline 0.001 -20"><span class='ocrx_word' id='word_1_46' title='bbox 259 723 366 758; x_wconf 76' lang='lat' dir='ltr'>aon.</span> <span class='ocrx_word' id='word_1_47' title='bbox 395 705 567 777; x_wconf 84' lang='lat' dir='ltr'>potuit</span> <span class='ocrx_word' id='word_1_48' title='bbox 592 703 802 776; x_wconf 81' lang='lat' dir='ltr'>quidem</span> <span class='ocrx_word' id='word_1_49' title='bbox 847 703 1142 758; x_wconf 74' lang='lat' dir='ltr'>executioni</span> <span class='ocrx_word' id='word_1_50' title='bbox 1185 703 1432 758; x_wconf 81' lang='lat' dir='ltr'>mandari</span> <span class='ocrx_word' id='word_1_51' title='bbox 1465 713 1694 776; x_wconf 83' lang='lat' dir='ltr'>respectu</span> <span class='ocrx_word' id='word_1_52' title='bbox 1719 704 1992 776; x_wconf 73' lang='lat' dir='ltr'>maqistra-</span> 
     </span>
     <span class='ocr_line' id='line_1_8' title="bbox 257 798 1992 874; baseline 0 -21"><span class='ocrx_word' id='word_1_53' title='bbox 257 810 405 853; x_wconf 85' lang='lat' dir='ltr'>tuum</span> <span class='ocrx_word' id='word_1_54' title='bbox 455 799 786 874; x_wconf 78' lang='lat' dir='ltr'>infidelium,</span> <span class='ocrx_word' id='word_1_55' title='bbox 839 798 930 870; x_wconf 80' lang='lat' dir='ltr'>qui</span> <span class='ocrx_word' id='word_1_56' title='bbox 980 799 1236 854; x_wconf 77' lang='lat' dir='ltr'>Ecclesiae</span> <span class='ocrx_word' id='word_1_57' title='bbox 1280 817 1385 853; x_wconf 79' lang='lat' dir='ltr'>aon</span> <span class='ocrx_word' id='word_1_58' title='bbox 1421 799 1698 872; x_wconf 75' lang='lat' dir='ltr'>parebant,</span> <span class='ocrx_word' id='word_1_59' title='bbox 1742 799 1878 870; x_wconf 81' lang='lat' dir='ltr'>quod</span> <span class='ocrx_word' id='word_1_60' title='bbox 1921 798 1992 853; x_wconf 76' lang='lat' dir='ltr'>acl</span> 
     </span>
     <span class='ocr_line' id='line_1_9' title="bbox 258 893 1992 967; baseline -0.001 -20"><span class='ocrx_word' id='word_1_61' title='bbox 258 894 451 966; x_wconf 77' lang='lat' dir='ltr'>factum</span> <span class='ocrx_word' id='word_1_62' title='bbox 496 894 722 967; x_wconf 76' lang='lat' dir='ltr'>pertinet</span> <span class='ocrx_word' id='word_1_63' title='bbox 741 915 764 964; x_wconf 84' lang='lat'><em>;</em></span> <span class='ocrx_word' id='word_1_64' title='bbox 810 893 903 967; x_wconf 80' lang='lat' dir='ltr'>jus</span> <span class='ocrx_word' id='word_1_65' title='bbox 945 904 1117 948; x_wconf 87' lang='lat' dir='ltr'>autem</span> <span class='ocrx_word' id='word_1_66' title='bbox 1161 893 1418 948; x_wconf 83' lang='lat' dir='ltr'>Ecclesiae</span> <span class='ocrx_word' id='word_1_67' title='bbox 1461 912 1566 948; x_wconf 75' lang='lat' dir='ltr'>uon</span> <span class='ocrx_word' id='word_1_68' title='bbox 1609 893 1797 966; x_wconf 77' lang='lat' dir='ltr'>defuit,</span> <span class='ocrx_word' id='word_1_69' title='bbox 1841 893 1992 967; x_wconf 82' lang='lat' dir='ltr'>cujus</span> 
     </span>
     <span class='ocr_line' id='line_1_10' title="bbox 260 987 1992 1061; baseline -0.001 -19"><span class='ocrx_word' id='word_1_70' title='bbox 260 988 463 1060; x_wconf 62' lang='lat' dir='ltr'>signum</span> <span class='ocrx_word' id='word_1_71' title='bbox 523 999 630 1055; x_wconf 73' lang='lat' dir='ltr'>est,</span> <span class='ocrx_word' id='word_1_72' title='bbox 692 988 818 1060; x_wconf 82' lang='lat' dir='ltr'>quia</span> <span class='ocrx_word' id='word_1_73' title='bbox 875 1005 1071 1061; x_wconf 85' lang='lat' dir='ltr'>semper</span> <span class='ocrx_word' id='word_1_74' title='bbox 1126 988 1364 1043; x_wconf 88' lang='lat' dir='ltr'>Praelati</span> <span class='ocrx_word' id='word_1_75' title='bbox 1408 987 1731 1044; x_wconf 85' lang='lat' dir='ltr'>ecclesiastici</span> <span class='ocrx_word' id='word_1_76' title='bbox 1774 987 1864 1041; x_wconf 76' lang='lat' dir='ltr'>lioc</span> <span class='ocrx_word' id='word_1_77' title='bbox 1900 987 1992 1061; x_wconf 81' lang='lat' dir='ltr'>jus</span> 
     </span>
     <span class='ocr_line' id='line_1_11' title="bbox 260 1082 1993 1156; baseline -0.001 -19"><span class='ocrx_word' id='word_1_78' title='bbox 260 1083 605 1138; x_wconf 79' lang='lat' dir='ltr'>immun-itatis</span> <span class='ocrx_word' id='word_1_79' title='bbox 647 1083 912 1138; x_wconf 82' lang='lat' dir='ltr'>observare</span> <span class='ocrx_word' id='word_1_80' title='bbox 955 1083 1207 1155; x_wconf 75' lang='lat' dir='ltr'>feceruut,</span> <span class='ocrx_word' id='word_1_81' title='bbox 1233 1094 1483 1155; x_wconf 81' lang='lat' dir='ltr'>quantum</span> <span class='ocrx_word' id='word_1_82' title='bbox 1524 1083 1662 1138; x_wconf 80' lang='lat' dir='ltr'>inter</span> <span class='ocrx_word' id='word_1_83' title='bbox 1697 1083 1830 1156; x_wconf 87' lang='lat' dir='ltr'>ipsos</span> <span class='ocrx_word' id='word_1_84' title='bbox 1865 1082 1993 1155; x_wconf 81' lang='lat' dir='ltr'>fide-</span> 
     </span>
     <span class='ocr_line' id='line_1_12' title="bbox 260 1175 1988 1252; baseline 0.001 -22"><span class='ocrx_word' id='word_1_85' title='bbox 260 1177 330 1232; x_wconf 88' lang='lat' dir='ltr'>les</span> <span class='ocrx_word' id='word_1_86' title='bbox 365 1177 484 1250; x_wconf 83' lang='lat' dir='ltr'>fieri</span> <span class='ocrx_word' id='word_1_87' title='bbox 519 1187 742 1251; x_wconf 86' lang='lat' dir='ltr'>poterat.</span> <span class='ocrx_word' id='word_1_88' title='bbox 805 1175 885 1232; x_wconf 81' lang='lat' dir='ltr'>Ad</span> <span class='ocrx_word' id='word_1_89' title='bbox 930 1177 982 1233; x_wconf 89' lang='lat' dir='ltr'>id</span> <span class='ocrx_word' id='word_1_90' title='bbox 1026 1177 1344 1252; x_wconf 89' lang='lat' dir='ltr'>probandum</span> <span class='ocrx_word' id='word_1_91' title='bbox 1407 1179 1632 1234; x_wconf 79' lang='lat' dir='ltr'>maximo</span> <span class='ocrx_word' id='word_1_92' title='bbox 1694 1187 1988 1248; x_wconf 84' lang='lat' dir='ltr'>argumento</span> 
     </span>
     <span class='ocr_line' id='line_1_13' title="bbox 260 1269 1990 1348; baseline -0.002 -20"><span class='ocrx_word' id='word_1_93' title='bbox 260 1292 368 1329; x_wconf 83' lang='lat' dir='ltr'>esse</span> <span class='ocrx_word' id='word_1_94' title='bbox 410 1286 618 1348; x_wconf 88' lang='lat' dir='ltr'>possunt</span> <span class='ocrx_word' id='word_1_95' title='bbox 677 1293 734 1329; x_wconf 87' lang='lat' dir='ltr'>ea</span> <span class='ocrx_word' id='word_1_96' title='bbox 796 1271 851 1330; x_wconf 90' lang='lat' dir='ltr'>S.</span> <span class='ocrx_word' id='word_1_97' title='bbox 898 1270 1047 1328; x_wconf 89' lang='lat' dir='ltr'>Pauli</span> <span class='ocrx_word' id='word_1_98' title='bbox 1093 1273 1243 1329; x_wconf 88' lang='lat' dir='ltr'>verba</span> <span class='ocrx_word' id='word_1_99' title='bbox 1298 1273 1363 1329; x_wconf 89' lang='lat' dir='ltr'>ad</span> <span class='ocrx_word' id='word_1_100' title='bbox 1416 1271 1780 1330; x_wconf 87' lang='lat' dir='ltr'>Thimotheum</span> <span class='ocrx_word' id='word_1_101' title='bbox 1842 1291 1920 1347; x_wconf 87' lang='lat' dir='ltr'>ep.</span> <span class='ocrx_word' id='word_1_102' title='bbox 1967 1269 1990 1324; x_wconf 94' lang='lat' dir='ltr'>I</span> 
     </span>
     <span class='ocr_line' id='line_1_14' title="bbox 261 1364 1990 1441; baseline -0.002 -19"><span class='ocrx_word' id='word_1_103' title='bbox 261 1386 372 1441; x_wconf 86' lang='lat' dir='ltr'>cap.</span> <span class='ocrx_word' id='word_1_104' title='bbox 418 1372 479 1422; x_wconf 82' lang='lat'>5:</span> <span class='ocrx_word' id='word_1_105' title='bbox 525 1368 781 1421; x_wconf 81' lang='lat' dir='ltr'>Adversus</span> <span class='ocrx_word' id='word_1_106' title='bbox 839 1368 1203 1439; x_wconf 77' lang='lat' dir='ltr'>Presbyterum</span> <span class='ocrx_word' id='word_1_107' title='bbox 1261 1367 1634 1422; x_wconf 76' lang='lat' dir='ltr'>accusationem</span> <span class='ocrx_word' id='word_1_108' title='bbox 1694 1365 1803 1420; x_wconf 77' lang='lat' dir='ltr'>noli</span> <span class='ocrx_word' id='word_1_109' title='bbox 1861 1364 1990 1420; x_wconf 84' lang='lat' dir='ltr'>reci-</span> 
     </span>
     <span class='ocr_line' id='line_1_15' title="bbox 252 1460 1987 1534; baseline 0 -19"><span class='ocrx_word' id='word_1_110' title='bbox 252 1479 401 1534; x_wconf 72' lang='lat' dir='ltr'>pere,</span> <span class='ocrx_word' id='word_1_111' title='bbox 443 1461 546 1515; x_wconf 77' lang='lat' dir='ltr'>nisi</span> <span class='ocrx_word' id='word_1_112' title='bbox 588 1462 678 1515; x_wconf 89' lang='lat' dir='ltr'>sub</span> <span class='ocrx_word' id='word_1_113' title='bbox 721 1462 939 1528; x_wconf 75' lang='lat' dir='ltr'>duobuS,</span> <span class='ocrx_word' id='word_1_114' title='bbox 967 1473 1056 1516; x_wconf 92' lang='lat' dir='ltr'>aut</span> <span class='ocrx_word' id='word_1_115' title='bbox 1099 1462 1260 1516; x_wconf 82' lang='lat' dir='ltr'>tribus</span> <span class='ocrx_word' id='word_1_116' title='bbox 1304 1463 1525 1517; x_wconf 77' lang='lat' dir='ltr'>testibus,</span> <span class='ocrx_word' id='word_1_117' title='bbox 1572 1460 1774 1529; x_wconf 83' lang='lat' dir='ltr'>Quibus</span> <span class='ocrx_word' id='word_1_118' title='bbox 1822 1460 1987 1516; x_wconf 87' lang='lat' dir='ltr'>verbis</span> 
     </span>
     <span class='ocr_line' id='line_1_16' title="bbox 258 1554 1986 1630; baseline -0.002 -19"><span class='ocrx_word' id='word_1_119' title='bbox 258 1568 478 1630; x_wconf 84' lang='lat' dir='ltr'>potestas</span> <span class='ocrx_word' id='word_1_120' title='bbox 520 1555 925 1630; x_wconf 85' lang='lat' dir='ltr'>recipiendarum</span> <span class='ocrx_word' id='word_1_121' title='bbox 969 1556 1210 1612; x_wconf 88' lang='lat' dir='ltr'>adversus</span> <span class='ocrx_word' id='word_1_122' title='bbox 1238 1554 1572 1628; x_wconf 86' lang='lat' dir='ltr'>Presbyteros</span> <span class='ocrx_word' id='word_1_123' title='bbox 1607 1555 1986 1612; x_wconf 86' lang='lat' dir='ltr'>accusationum</span> 
     </span>
     <span class='ocr_line' id='line_1_17' title="bbox 259 1648 1992 1722; baseline -0.001 -18"><span class='ocrx_word' id='word_1_124' title='bbox 259 1669 357 1705; x_wconf 91' lang='lat' dir='ltr'>non</span> <span class='ocrx_word' id='word_1_125' title='bbox 401 1650 658 1718; x_wconf 79' lang='lat' dir='ltr'>tribuitur,</span> <span class='ocrx_word' id='word_1_126' title='bbox 712 1649 799 1704; x_wconf 86' lang='lat' dir='ltr'>sed</span> <span class='ocrx_word' id='word_1_127' title='bbox 861 1651 1171 1721; x_wconf 84' lang='lat' dir='ltr'>agnoscitur.</span> <span class='ocrx_word' id='word_1_128' title='bbox 1236 1651 1532 1722; x_wconf 81' lang='lat' dir='ltr'>Eademque</span> <span class='ocrx_word' id='word_1_129' title='bbox 1592 1648 1767 1716; x_wconf 74' lang='lat' dir='ltr'>verba,</span> <span class='ocrx_word' id='word_1_130' title='bbox 1825 1649 1992 1721; x_wconf 86' lang='lat' dir='ltr'>inquit</span> 
     </span>
     <span class='ocr_line' id='line_1_18' title="bbox 258 1742 1989 1818; baseline -0.002 -20"><span class='ocrx_word' id='word_1_131' title='bbox 258 1744 393 1799; x_wconf 87' lang='lat' dir='ltr'>idem</span> <span class='ocrx_word' id='word_1_132' title='bbox 454 1742 643 1799; x_wconf 80' lang='lat' dir='ltr'>Auctor</span> <span class='ocrx_word' id='word_1_133' title='bbox 703 1744 786 1799; x_wconf 89' lang='lat' dir='ltr'>cit.</span> <span class='ocrx_word' id='word_1_134' title='bbox 832 1743 963 1799; x_wconf 88' lang='lat' dir='ltr'>libro</span> <span class='ocrx_word' id='word_1_135' title='bbox 1008 1764 1118 1818; x_wconf 85' lang='lat' dir='ltr'>cap.</span> <span class='ocrx_word' id='word_1_136' title='bbox 1178 1745 1288 1814; x_wconf 84' lang='lat'>13,</span> <span class='ocrx_word' id='word_1_137' title='bbox 1348 1755 1638 1817; x_wconf 79' lang='lat' dir='ltr'>supponunt</span> <span class='ocrx_word' id='word_1_138' title='bbox 1691 1743 1810 1817; x_wconf 82' lang='lat' dir='ltr'>jam</span> <span class='ocrx_word' id='word_1_139' title='bbox 1869 1753 1989 1796; x_wconf 81' lang='lat' dir='ltr'>tuuc</span> 
     </span>
     <span class='ocr_line' id='line_1_19' title="bbox 253 1836 1991 1912; baseline -0.001 -20"><span class='ocrx_word' id='word_1_140' title='bbox 253 1838 407 1911; x_wconf 80' lang='lat' dir='ltr'>fuisse</span> <span class='ocrx_word' id='word_1_141' title='bbox 468 1838 747 1910; x_wconf 78' lang='lat' dir='ltr'>episcopale</span> <span class='ocrx_word' id='word_1_142' title='bbox 798 1838 1029 1893; x_wconf 80' lang='lat' dir='ltr'>tribunal</span> <span class='ocrx_word' id='word_1_143' title='bbox 1073 1856 1173 1912; x_wconf 88' lang='lat' dir='ltr'>pro</span> <span class='ocrx_word' id='word_1_144' title='bbox 1218 1838 1534 1894; x_wconf 83' lang='lat' dir='ltr'>Cle-ricorum</span> <span class='ocrx_word' id='word_1_145' title='bbox 1576 1838 1742 1893; x_wconf 82' lang='lat' dir='ltr'>causis</span> <span class='ocrx_word' id='word_1_146' title='bbox 1783 1836 1991 1911; x_wconf 85' lang='lat' dir='ltr'>dijudi-</span> 
     </span>
     <span class='ocr_line' id='line_1_20' title="bbox 258 1931 1989 2004; baseline -0.001 -18"><span class='ocrx_word' id='word_1_147' title='bbox 258 1933 437 1987; x_wconf 79' lang='lat' dir='ltr'>candis</span> <span class='ocrx_word' id='word_1_148' title='bbox 479 1943 718 1989; x_wconf 83' lang='lat' dir='ltr'>erectum.</span> <span class='ocrx_word' id='word_1_149' title='bbox 780 1935 967 2004; x_wconf 82' lang='lat' dir='ltr'>Estque</span> <span class='ocrx_word' id='word_1_150' title='bbox 1010 1944 1197 1989; x_wconf 83' lang='lat' dir='ltr'>attente</span> <span class='ocrx_word' id='word_1_151' title='bbox 1241 1933 1714 2000; x_wconf 73' lang='lat' dir='ltr'>considerandum,</span> <span class='ocrx_word' id='word_1_152' title='bbox 1759 1931 1989 1987; x_wconf 88' lang='lat' dir='ltr'>Paulum</span> 
     </span>
     <span class='ocr_line' id='line_1_21' title="bbox 257 2026 1991 2099; baseline -0.001 -19"><span class='ocrx_word' id='word_1_153' title='bbox 257 2046 360 2081; x_wconf 74' lang='lat' dir='ltr'>uon</span> <span class='ocrx_word' id='word_1_154' title='bbox 419 2027 560 2098; x_wconf 85' lang='lat' dir='ltr'>loqui</span> <span class='ocrx_word' id='word_1_155' title='bbox 621 2026 683 2082; x_wconf 78' lang='lat' dir='ltr'>cle</span> <span class='ocrx_word' id='word_1_156' title='bbox 733 2027 852 2082; x_wconf 86' lang='lat' dir='ltr'>solis</span> <span class='ocrx_word' id='word_1_157' title='bbox 895 2028 1060 2082; x_wconf 84' lang='lat' dir='ltr'>causis</span> <span class='ocrx_word' id='word_1_158' title='bbox 1104 2028 1490 2096; x_wconf 75' lang='lat' dir='ltr'>ecclesiasticiS,</span> <span class='ocrx_word' id='word_1_159' title='bbox 1534 2029 1622 2083; x_wconf 76' lang='lat' dir='ltr'>secl</span> <span class='ocrx_word' id='word_1_160' title='bbox 1664 2028 1725 2083; x_wconf 78' lang='lat' dir='ltr'>cle</span> <span class='ocrx_word' id='word_1_161' title='bbox 1768 2026 1991 2099; x_wconf 79' lang='lat' dir='ltr'>querelis</span> 
     </span>
     <span class='ocr_line' id='line_1_22' title="bbox 257 2120 1988 2195; baseline 0 -20"><span class='ocrx_word' id='word_1_162' title='bbox 257 2132 437 2176; x_wconf 77' lang='lat' dir='ltr'>contra</span> <span class='ocrx_word' id='word_1_163' title='bbox 497 2120 716 2176; x_wconf 84' lang='lat' dir='ltr'>Clericos</span> <span class='ocrx_word' id='word_1_164' title='bbox 775 2122 832 2176; x_wconf 79' lang='lat' dir='ltr'>iu</span> <span class='ocrx_word' id='word_1_165' title='bbox 874 2123 1039 2177; x_wconf 83' lang='lat' dir='ltr'>causis</span> <span class='ocrx_word' id='word_1_166' title='bbox 1081 2122 1479 2190; x_wconf 76' lang='lat' dir='ltr'>criminalibuS,</span> <span class='ocrx_word' id='word_1_167' title='bbox 1524 2141 1646 2190; x_wconf 76' lang='lat' dir='ltr'>uam</span> <span class='ocrx_word' id='word_1_168' title='bbox 1688 2123 1747 2176; x_wconf 77' lang='lat' dir='ltr'>iit</span> <span class='ocrx_word' id='word_1_169' title='bbox 1786 2121 1893 2176; x_wconf 86' lang='lat' dir='ltr'>illis</span> <span class='ocrx_word' id='word_1_170' title='bbox 1929 2121 1988 2195; x_wconf 83' lang='lat' dir='ltr'>fit</span> 
     </span>
     <span class='ocr_line' id='line_1_23' title="bbox 247 2215 1988 2292; baseline 0.001 -23"><span class='ocrx_word' id='word_1_171' title='bbox 247 2215 462 2289; x_wconf 82' lang='lat' dir='ltr'>proprie</span> <span class='ocrx_word' id='word_1_172' title='bbox 505 2216 760 2270; x_wconf 86' lang='lat' dir='ltr'>accusatio</span> <span class='ocrx_word' id='word_1_173' title='bbox 773 2237 796 2286; x_wconf 73' lang='lat'>,-</span> <span class='ocrx_word' id='word_1_174' title='bbox 841 2228 886 2271; x_wconf 89' lang='lat' dir='ltr'>et</span> <span class='ocrx_word' id='word_1_175' title='bbox 929 2235 1044 2271; x_wconf 84' lang='lat' dir='ltr'>cum</span> <span class='ocrx_word' id='word_1_176' title='bbox 1088 2217 1288 2271; x_wconf 85' lang='lat' dir='ltr'>Paulus</span> <span class='ocrx_word' id='word_1_177' title='bbox 1316 2218 1583 2292; x_wconf 75' lang='lat' dir='ltr'>indefinite</span> <span class='ocrx_word' id='word_1_178' title='bbox 1611 2228 1656 2272; x_wconf 89' lang='lat' dir='ltr'>et</span> <span class='ocrx_word' id='word_1_179' title='bbox 1685 2216 1988 2290; x_wconf 81' lang='lat' dir='ltr'>simpliciter</span> 
     </span>
     <span class='ocr_line' id='line_1_24' title="bbox 253 2311 1985 2383; baseline 0.001 -20"><span class='ocrx_word' id='word_1_180' title='bbox 253 2311 517 2382; x_wconf 74' lang='lat' dir='ltr'>loquatur,</span> <span class='ocrx_word' id='word_1_181' title='bbox 545 2328 648 2363; x_wconf 81' lang='lat' dir='ltr'>uon</span> <span class='ocrx_word' id='word_1_182' title='bbox 675 2322 743 2364; x_wconf 88' lang='lat' dir='ltr'>est</span> <span class='ocrx_word' id='word_1_183' title='bbox 770 2312 1131 2383; x_wconf 71' lang='lat' dir='ltr'>restrinqeuda</span> <span class='ocrx_word' id='word_1_184' title='bbox 1171 2312 1318 2367; x_wconf 86' lang='lat' dir='ltr'>illius</span> <span class='ocrx_word' id='word_1_185' title='bbox 1360 2312 1610 2367; x_wconf 76' lang='lat' dir='ltr'>sententia</span> <span class='ocrx_word' id='word_1_186' title='bbox 1651 2312 1721 2366; x_wconf 74' lang='lat' dir='ltr'>acl</span> <span class='ocrx_word' id='word_1_187' title='bbox 1763 2311 1985 2366; x_wconf 76' lang='lat' dir='ltr'>crimina</span> 
     </span>
     <span class='ocr_line' id='line_1_25' title="bbox 256 2404 1985 2480; baseline -0.001 -21"><span class='ocrx_word' id='word_1_188' title='bbox 256 2404 632 2474; x_wconf 74' lang='lat' dir='ltr'>ecclesiastica3</span> <span class='ocrx_word' id='word_1_189' title='bbox 676 2404 738 2459; x_wconf 76' lang='lat' dir='ltr'>cle</span> <span class='ocrx_word' id='word_1_190' title='bbox 780 2422 1095 2476; x_wconf 81' lang='lat' dir='ltr'>quocumque</span> <span class='ocrx_word' id='word_1_191' title='bbox 1139 2424 1258 2478; x_wconf 72' lang='lat' dir='ltr'>erqo</span> <span class='ocrx_word' id='word_1_192' title='bbox 1300 2406 1516 2461; x_wconf 76' lang='lat' dir='ltr'>crimine</span> <span class='ocrx_word' id='word_1_193' title='bbox 1551 2416 1757 2480; x_wconf 85' lang='lat' dir='ltr'>poterat</span> <span class='ocrx_word' id='word_1_194' title='bbox 1806 2416 1851 2460; x_wconf 91' lang='lat' dir='ltr'>et</span> <span class='ocrx_word' id='word_1_195' title='bbox 1899 2404 1985 2459; x_wconf 80' lang='lat' dir='ltr'>de-</span> 
     </span>
     <span class='ocr_line' id='line_1_26' title="bbox 253 2498 1934 2571; baseline 0.001 -17"><span class='ocrx_word' id='word_1_196' title='bbox 253 2500 394 2554; x_wconf 85' lang='lat' dir='ltr'>bebat</span> <span class='ocrx_word' id='word_1_197' title='bbox 437 2510 556 2552; x_wconf 82' lang='lat' dir='ltr'>tuuc</span> <span class='ocrx_word' id='word_1_198' title='bbox 600 2498 872 2571; x_wconf 77' lang='lat' dir='ltr'>Presbyter</span> <span class='ocrx_word' id='word_1_199' title='bbox 913 2502 1145 2554; x_wconf 79' lang='lat' dir='ltr'>accusari</span> <span class='ocrx_word' id='word_1_200' title='bbox 1188 2502 1246 2555; x_wconf 80' lang='lat' dir='ltr'>iu</span> <span class='ocrx_word' id='word_1_201' title='bbox 1288 2501 1541 2555; x_wconf 79' lang='lat' dir='ltr'>tribunali</span> <span class='ocrx_word' id='word_1_202' title='bbox 1585 2499 1934 2556; x_wconf 76' lang='lat' dir='ltr'>ecclesiastico,</span> 
     </span>
     <span class='ocr_line' id='line_1_27' title="bbox 332 2592 1983 2669; baseline -0.001 -20"><span class='ocrx_word' id='word_1_203' title='bbox 332 2592 462 2649; x_wconf 86' lang='lat' dir='ltr'>Cum</span> <span class='ocrx_word' id='word_1_204' title='bbox 503 2594 659 2663; x_wconf 82' lang='lat' dir='ltr'>igitur</span> <span class='ocrx_word' id='word_1_205' title='bbox 702 2614 780 2649; x_wconf 84' lang='lat' dir='ltr'>res</span> <span class='ocrx_word' id='word_1_206' title='bbox 825 2595 893 2649; x_wconf 88' lang='lat' dir='ltr'>ita</span> <span class='ocrx_word' id='word_1_207' title='bbox 938 2613 989 2649; x_wconf 88' lang='lat' dir='ltr'>se</span> <span class='ocrx_word' id='word_1_208' title='bbox 1033 2594 1279 2664; x_wconf 79' lang='lat' dir='ltr'>habeant,</span> <span class='ocrx_word' id='word_1_209' title='bbox 1323 2607 1370 2651; x_wconf 87' lang='lat' dir='ltr'>et</span> <span class='ocrx_word' id='word_1_210' title='bbox 1411 2595 1625 2669; x_wconf 88' lang='lat' dir='ltr'>proinde</span> <span class='ocrx_word' id='word_1_211' title='bbox 1666 2614 1777 2649; x_wconf 88' lang='lat' dir='ltr'>cum</span> <span class='ocrx_word' id='word_1_212' title='bbox 1821 2592 1983 2649; x_wconf 89' lang='lat' dir='ltr'>Cleri-</span> 
     </span>
     <span class='ocr_line' id='line_1_28' title="bbox 252 2687 1983 2762; baseline -0.001 -19"><span class='ocrx_word' id='word_1_213' title='bbox 252 2707 424 2745; x_wconf 84' lang='lat' dir='ltr'>corum</span> <span class='ocrx_word' id='word_1_214' title='bbox 475 2688 769 2744; x_wconf 86' lang='lat' dir='ltr'>immunitas</span> <span class='ocrx_word' id='word_1_215' title='bbox 813 2708 840 2743; x_wconf 89' lang='lat' dir='ltr'>a</span> <span class='ocrx_word' id='word_1_216' title='bbox 884 2687 995 2744; x_wconf 81' lang='lat' dir='ltr'>foro</span> <span class='ocrx_word' id='word_1_217' title='bbox 1048 2689 1179 2744; x_wconf 87' lang='lat' dir='ltr'>laico</span> <span class='ocrx_word' id='word_1_218' title='bbox 1241 2691 1292 2744; x_wconf 89' lang='lat' dir='ltr'>in</span> <span class='ocrx_word' id='word_1_219' title='bbox 1353 2688 1580 2744; x_wconf 90' lang='lat' dir='ltr'>Ecclesia</span> <span class='ocrx_word' id='word_1_220' title='bbox 1641 2700 1876 2762; x_wconf 87' lang='lat' dir='ltr'>perpetuo</span> <span class='ocrx_word' id='word_1_221' title='bbox 1937 2699 1983 2742; x_wconf 88' lang='lat' dir='ltr'>et</span> 
     </span>
     <span class='ocr_line' id='line_1_29' title="bbox 252 2781 1978 2855; baseline -0.001 -18"><span class='ocrx_word' id='word_1_222' title='bbox 252 2793 536 2837; x_wconf 80' lang='lat' dir='ltr'>constanter</span> <span class='ocrx_word' id='word_1_223' title='bbox 595 2782 861 2837; x_wconf 84' lang='lat' dir='ltr'>observata</span> <span class='ocrx_word' id='word_1_224' title='bbox 912 2781 1098 2851; x_wconf 61' lang='lat' dir='ltr'>suerit„</span> <span class='ocrx_word' id='word_1_225' title='bbox 1149 2783 1355 2855; x_wconf 85' lang='lat' dir='ltr'>ejusque</span> <span class='ocrx_word' id='word_1_226' title='bbox 1399 2784 1646 2852; x_wconf 86' lang='lat' dir='ltr'>originem</span> <span class='ocrx_word' id='word_1_227' title='bbox 1689 2793 1735 2836; x_wconf 87' lang='lat' dir='ltr'>et</span> <span class='ocrx_word' id='word_1_228' title='bbox 1779 2784 1978 2837; x_wconf 90' lang='lat' dir='ltr'>initium</span> 
     </span>
     <span class='ocr_line' id='line_1_30' title="bbox 251 2873 1978 2950; baseline 0 -20"><span class='ocrx_word' id='word_1_229' title='bbox 251 2894 407 2948; x_wconf 82' lang='lat' dir='ltr'>neque</span> <span class='ocrx_word' id='word_1_230' title='bbox 451 2875 513 2931; x_wconf 86' lang='lat' dir='ltr'>ad</span> <span class='ocrx_word' id='word_1_231' title='bbox 559 2874 851 2950; x_wconf 76' lang='lat' dir='ltr'>Apost0105,</span> <span class='ocrx_word' id='word_1_232' title='bbox 895 2895 1053 2949; x_wconf 84' lang='lat' dir='ltr'>neque</span> <span class='ocrx_word' id='word_1_233' title='bbox 1097 2874 1161 2932; x_wconf 83' lang='lat' dir='ltr'>ad</span> <span class='ocrx_word' id='word_1_234' title='bbox 1205 2874 1442 2933; x_wconf 85' lang='lat' dir='ltr'>Summos</span> <span class='ocrx_word' id='word_1_235' title='bbox 1487 2873 1782 2944; x_wconf 76' lang='lat' dir='ltr'>PontificeS,</span> <span class='ocrx_word' id='word_1_236' title='bbox 1821 2894 1978 2948; x_wconf 86' lang='lat' dir='ltr'>neque</span> 
     </span>
    </p>
   </div>
  </div>
 </body>
</html>
