2114 3289
363 104 433 177 5ss
478 141 571 180 Lm.
593 141 643 179 11.
667 140 712 178 e.
741 141 774 177 1.
806 140 863 175 DE
892 141 939 175 r..
966 139 1228 177 pou‘nrmn
1258 134 1426 184 muso.
1457 133 1793 187 Ansstrromssus

270 263 369 318 per
419 256 579 300 totum
637 255 896 298 terrarum
955 242 1126 296 orbem
1185 244 1480 299 Primatum
1538 244 1765 299 obtinens
1820 243 1953 302 lucet
1970 286 1990 312 7

278 341 604 410 omniumque
647 335 993 391 Ecclesiarum
1038 340 1203 409 Cuput
1255 338 1448 395 eoeistit.
1510 337 1738 395 Concilia
1788 336 1995 394 Latera-

279 453 432 490 nense
475 432 570 502 Ill,
612 444 659 486 et
701 428 1033 502 Lugdunense
1079 430 1102 484 Ι
1144 430 1326 488 Sedem
1369 430 1509 488 Petri
1550 446 1759 489 matrem
1802 444 1849 488 et
1889 451 1995 487 ma-

278 530 488 599 gistram
523 525 821 581 universalis
850 523 1124 596 Ecclesiae,
1150 524 1440 583 Romanum
1465 525 1764 583 Pontificem
1792 525 1988 583 Christi

279 620 560 689 Vicarium‚
597 616 949 677 Successorem
991 617 1151 690 Petri,
1196 632 1244 676 et
1284 619 1551 677 Rectorem
1593 623 1855 678 universae
1898 619 1992 675 Ec-

279 716 459 771 clesiae
502 713 834 788 appellarunt.
879 711 1069 769 Verum
1114 715 1177 770 ad
1216 734 1321 770 rem
1351 727 1575 771 nostram
1601 717 1722 771 satis
1748 733 1994 790 superque

277 812 343 866 sit
385 810 670 880 dogmatica
714 807 932 865 Concilii
975 808 1252 866 Florentini
1304 810 1567 880 definitio,
1618 828 1768 884 quam
1827 811 1996 881 graeci

277 917 323 960 et
364 905 509 960 latini
552 903 730 960 Patres
783 905 880 966 his
920 905 1084 960 verbis
1146 918 1549 980 proposuerunt:
1610 905 1896 978 Definimus
1939 907 1992 961 S.

279 999 626 1074 Apostolicam
666 1000 871 1070 Sedem,
916 1009 962 1055 et
1004 1002 1300 1055 Romanum
1342 1000 1646 1073 Pontificem
1686 999 1745 1054 in
1790 999 1997 1054 univer-

276 1113 388 1150 sum
429 1096 600 1150 orbem
641 1105 810 1149 tenere
853 1094 1175 1162 Primatum,
1221 1104 1267 1149 et
1308 1095 1476 1168 ipsum
1518 1098 1862 1151 Successorem
1898 1110 1996 1149 esse

276 1194 341 1248 B.
386 1190 534 1245 Petri
576 1188 843 1262 Principis
886 1189 1266 1262 Apostolorum,
1313 1199 1358 1244 et
1398 1206 1577 1243 verum
1620 1187 1808 1244 Christi
1853 1187 1998 1245 Vica-

277 1286 441 1352 rium,
485 1284 735 1355 totiusque
795 1282 1051 1338 Ecclesiae
1114 1286 1299 1356 Caput,
1353 1293 1399 1337 et
1443 1283 1856 1339 Christianorum
1899 1301 1996 1355 pa-

277 1389 404 1434 trem
450 1388 495 1432 et
529 1378 786 1433 doctorem
828 1377 1076 1448 cunctere,-
1119 1387 1165 1431 et
1206 1377 1305 1449 ipsi
1347 1377 1405 1432 in
1446 1381 1512 1434 B.
1540 1379 1698 1432 Pet-ro
1725 1377 1996 1450 pascendi,

280 1475 519 1548 reqendi,
563 1485 609 1530 et
648 1474 975 1546 quoeruandi
1022 1473 1365 1528 universalem
1413 1473 1697 1529 Ecclesiam
1739 1493 1771 1528 a
1813 1478 1881 1530 D.
1926 1475 1993 1530 N.

278 1573 329 1627 J.
376 1569 574 1626 Christo
608 1568 821 1641 plenam
854 1578 1155 1640 potestatem
1197 1568 1449 1622 traditam
1491 1585 1611 1635 esse,
1665 1568 1996 1639 quemadmo-

280 1664 406 1718 dum
448 1664 603 1718 etiam
644 1662 702 1716 iu
743 1662 891 1734 qestis
934 1661 1388 1717 oecumenicorum
1430 1662 1803 1729 Conciliorum‚
1848 1672 1894 1717 et
1942 1662 2000 1717 in

279 1758 438 1812 sacris
480 1756 756 1811 canonibus
799 1755 1106 1812 continetur.

338 1930 510 1978 Confer
556 1933 742 1978 Petrum
791 1930 1096 1979 Ballerinium
1145 1932 1212 1978 De
1259 1931 1309 1978 vi
1344 1935 1387 1978 et
1419 1931 1604 1979 ratione
1639 1930 1882 1977 Primatus
1917 1931 2008 1977 Ro-

275 2026 523 2058 manorum
558 2012 867 2074 Pontificum,
903 2013 1170 2060 Ennodium
1205 2014 1512 2060 Faventinum
1547 2014 1614 2059 De
1647 2010 1848 2058 Romani
1881 2012 2008 2058 Pon-

273 2092 419 2156 tificio
466 2092 715 2149 Primatu,
766 2101 812 2141 et
846 2095 1095 2141 Auctorem
1131 2095 1327 2153 Operis,
1364 2095 1487 2154 quod
1522 2095 1798 2141 inscribitur
1833 2107 1852 2129 «
1888 2091 2006 2149 Quis

274 2182 340 2222 est
375 2170 586 2222 Petrus?
622 2175 728 2223 Sive
764 2175 918 2238 qualis
954 2176 1087 2223 Petri
1122 2174 1365 2223 Primatus
1400 2199 1420 2221 »
1454 2177 1737 2225 Ratisbonae
1776 2175 1917 2222 1791.

1045 2321 1089 2398 5.
1148 2329 1237 2382 15.

863 2461 935 2506 DE
974 2461 1106 2507 FINE
1144 2461 1434 2508 PRIMATUS

362 2606 491 2665 Cum
543 2609 604 2664 de
648 2609 743 2664 fine
786 2588 1043 2665 Primatus
1088 2611 1365 2681 quaeritur,
1409 2627 1508 2664 non
1550 2629 1606 2664 ea
1650 2609 1876 2680 quaestio
1922 2610 1999 2664 in-

283 2704 539 2772 stituitur,
583 2723 670 2759 cur
712 2703 863 2759 Petro
908 2706 1107 2777 potius,
1152 2723 1303 2775 quan]
1348 2704 1491 2758 alteri
1535 2703 1733 2758 cuidam
1777 2701 1995 2777 Aposto-

283 2796 446 2852 lorum
489 2797 744 2854 Primatus
789 2818 1050 2855 concessus
1095 2795 1198 2854 sit?
1243 2797 1366 2868 Ejus
1411 2797 1613 2870 quidem
1657 2800 1995 2854 concessionis

286 2910 488 2950 causam
532 2892 626 2950 SS.
673 2892 849 2951 Patres
894 2893 1187 2950 adscribunt
1230 2892 1305 2949 vel
1348 2892 1514 2948 ordini
1551 2894 1849 2961 vocationis,
1875 2892 1992 2964 quia
