<?xml version="1.0" encoding="UTF-8"?>
<!DOCTYPE html PUBLIC "-//W3C//DTD XHTML 1.0 Transitional//EN"
    "http://www.w3.org/TR/xhtml1/DTD/xhtml1-transitional.dtd">
<html xmlns="http://www.w3.org/1999/xhtml" xml:lang="en" lang="en">
 <head>
  <title>
</title>
<meta http-equiv="Content-Type" content="text/html;charset=utf-8" />
  <meta name='ocr-system' content='tesseract 3.04.00' />
  <meta name='ocr-capabilities' content='ocr_page ocr_carea ocr_par ocr_line ocrx_word'/>
</head>
<body>
  <div class='ocr_page' id='page_1' title='image "./joanniscardinali00sogl_0234.png"; bbox 0 0 2114 3289; ppageno 0'>
   <div class='ocr_carea' id='block_1_1' title="bbox 351 111 1786 166">
    <p class='ocr_par' dir='ltr' id='par_1_1' title="bbox 351 111 1786 166">
     <span class='ocr_line' id='line_1_1' title="bbox 351 111 1786 166; baseline -0.001 -4"><span class='ocrx_word' id='word_1_1' title='bbox 351 111 422 163; x_wconf 80' lang='grc'>60</span> <span class='ocrx_word' id='word_1_2' title='bbox 469 125 561 163; x_wconf 84' lang='lat' dir='ltr'>LIB.</span> <span class='ocrx_word' id='word_1_3' title='bbox 585 126 637 162; x_wconf 86' lang='lat'>11.</span> <span class='ocrx_word' id='word_1_4' title='bbox 661 125 706 162; x_wconf 86' lang='lat' dir='ltr'>C.</span> <span class='ocrx_word' id='word_1_5' title='bbox 735 123 769 160; x_wconf 87' lang='lat'>1.</span> <span class='ocrx_word' id='word_1_6' title='bbox 801 123 860 160; x_wconf 86' lang='lat' dir='ltr'>DE</span> <span class='ocrx_word' id='word_1_7' title='bbox 887 123 936 159; x_wconf 72' lang='grc' dir='ltr'>Β.</span> <span class='ocrx_word' id='word_1_8' title='bbox 962 122 1228 161; x_wconf 82' lang='lat' dir='ltr'><strong>PONTIFIGE</strong></span> <span class='ocrx_word' id='word_1_9' title='bbox 1255 113 1426 166; x_wconf 71' lang='lat' dir='ltr'>EJU‘SQ.</span> <span class='ocrx_word' id='word_1_10' title='bbox 1450 122 1786 160; x_wconf 82' lang='lat' dir='ltr'>ADJUTORIBUS</span> 
     </span>
    </p>
   </div>
   <div class='ocr_carea' id='block_1_2' title="bbox 268 224 1995 2283">
    <p class='ocr_par' dir='ltr' id='par_1_2' title="bbox 268 224 1995 2283">
     <span class='ocr_line' id='line_1_2' title="bbox 345 224 1986 305; baseline -0.003 -18"><span class='ocrx_word' id='word_1_11' title='bbox 345 229 519 305; x_wconf 87' lang='lat' dir='ltr'>Aliqui</span> <span class='ocrx_word' id='word_1_12' title='bbox 577 241 748 286; x_wconf 85' lang='lat' dir='ltr'>contra</span> <span class='ocrx_word' id='word_1_13' title='bbox 801 225 1088 296; x_wconf 87' lang='lat' dir='ltr'>affirmant,</span> <span class='ocrx_word' id='word_1_14' title='bbox 1133 224 1420 282; x_wconf 83' lang='lat' dir='ltr'>Romanam</span> <span class='ocrx_word' id='word_1_15' title='bbox 1463 225 1646 284; x_wconf 86' lang='lat' dir='ltr'>Sedem</span> <span class='ocrx_word' id='word_1_16' title='bbox 1688 228 1896 299; x_wconf 83' lang='lat' dir='ltr'>electam</span> <span class='ocrx_word' id='word_1_17' title='bbox 1937 239 1986 282; x_wconf 91' lang='lat' dir='ltr'>et</span> 
     </span>
     <span class='ocr_line' id='line_1_3' title="bbox 269 318 1986 391; baseline -0.002 -11"><span class='ocrx_word' id='word_1_18' title='bbox 269 324 653 381; x_wconf 82' lang='lat' dir='ltr'>Successorihus</span> <span class='ocrx_word' id='word_1_19' title='bbox 697 319 835 375; x_wconf 89' lang='lat' dir='ltr'>Petri</span> <span class='ocrx_word' id='word_1_20' title='bbox 878 322 1202 377; x_wconf 81' lang='lat' dir='ltr'>constitutam</span> <span class='ocrx_word' id='word_1_21' title='bbox 1232 319 1406 391; x_wconf 83' lang='lat' dir='ltr'>fuisse,</span> <span class='ocrx_word' id='word_1_22' title='bbox 1435 341 1534 378; x_wconf 91' lang='lat' dir='ltr'>non</span> <span class='ocrx_word' id='word_1_23' title='bbox 1560 342 1623 378; x_wconf 84' lang='lat' dir='ltr'>ex</span> <span class='ocrx_word' id='word_1_24' title='bbox 1652 323 1796 378; x_wconf 89' lang='lat' dir='ltr'>unius</span> <span class='ocrx_word' id='word_1_25' title='bbox 1825 318 1986 391; x_wconf 83' lang='lat' dir='ltr'>Petri,</span> 
     </span>
     <span class='ocr_line' id='line_1_4' title="bbox 268 412 1987 490; baseline -0.002 -16"><span class='ocrx_word' id='word_1_26' title='bbox 268 419 355 474; x_wconf 91' lang='lat' dir='ltr'>sed</span> <span class='ocrx_word' id='word_1_27' title='bbox 399 421 550 473; x_wconf 85' lang='lat' dir='ltr'>etiam</span> <span class='ocrx_word' id='word_1_28' title='bbox 593 416 752 489; x_wconf 89' lang='lat' dir='ltr'>ipsius</span> <span class='ocrx_word' id='word_1_29' title='bbox 799 412 993 471; x_wconf 86' lang='lat' dir='ltr'>Christi</span> <span class='ocrx_word' id='word_1_30' title='bbox 1039 415 1329 486; x_wconf 72' lang='lat' dir='ltr'>voluntate,</span> <span class='ocrx_word' id='word_1_31' title='bbox 1372 434 1436 471; x_wconf 81' lang='lat' dir='ltr'>ex</span> <span class='ocrx_word' id='word_1_32' title='bbox 1476 435 1574 490; x_wconf 89' lang='lat' dir='ltr'>quo</span> <span class='ocrx_word' id='word_1_33' title='bbox 1628 416 1987 489; x_wconf 82' lang='lat' dir='ltr'>consequitur,</span> 
     </span>
     <span class='ocr_line' id='line_1_5' title="bbox 269 507 1989 581; baseline -0.002 -15"><span class='ocrx_word' id='word_1_34' title='bbox 269 510 552 569; x_wconf 76' lang='lat' dir='ltr'>Primatum</span> <span class='ocrx_word' id='word_1_35' title='bbox 602 509 766 565; x_wconf 89' lang='lat' dir='ltr'>eidem</span> <span class='ocrx_word' id='word_1_36' title='bbox 809 507 932 565; x_wconf 89' lang='lat' dir='ltr'>Sedi</span> <span class='ocrx_word' id='word_1_37' title='bbox 975 508 1150 565; x_wconf 87' lang='lat' dir='ltr'>divino</span> <span class='ocrx_word' id='word_1_38' title='bbox 1191 510 1301 581; x_wconf 88' lang='lat' dir='ltr'>jure</span> <span class='ocrx_word' id='word_1_39' title='bbox 1343 511 1413 565; x_wconf 87' lang='lat' dir='ltr'>ita</span> <span class='ocrx_word' id='word_1_40' title='bbox 1455 509 1707 566; x_wconf 79' lang='lat' dir='ltr'>adnexum</span> <span class='ocrx_word' id='word_1_41' title='bbox 1749 529 1892 580; x_wconf 83' lang='lat' dir='ltr'>esse,</span> <span class='ocrx_word' id='word_1_42' title='bbox 1935 520 1989 564; x_wconf 89' lang='lat' dir='ltr'>ut</span> 
     </span>
     <span class='ocr_line' id='line_1_6' title="bbox 269 599 1986 678; baseline -0.002 -17"><span class='ocrx_word' id='word_1_43' title='bbox 269 606 406 662; x_wconf 87' lang='lat' dir='ltr'>nulla</span> <span class='ocrx_word' id='word_1_44' title='bbox 449 606 742 660; x_wconf 87' lang='lat' dir='ltr'>auctoritate</span> <span class='ocrx_word' id='word_1_45' title='bbox 785 604 1006 660; x_wconf 85' lang='lat' dir='ltr'>humana</span> <span class='ocrx_word' id='word_1_46' title='bbox 1049 605 1208 678; x_wconf 85' lang='lat' dir='ltr'>possit</span> <span class='ocrx_word' id='word_1_47' title='bbox 1251 604 1315 660; x_wconf 83' lang='lat' dir='ltr'>ab</span> <span class='ocrx_word' id='word_1_48' title='bbox 1367 603 1542 660; x_wconf 89' lang='lat' dir='ltr'>eadem</span> <span class='ocrx_word' id='word_1_49' title='bbox 1600 605 1843 678; x_wconf 87' lang='lat' dir='ltr'>separari.</span> <span class='ocrx_word' id='word_1_50' title='bbox 1905 599 1986 659; x_wconf 86' lang='lat' dir='ltr'>Ad</span> 
     </span>
     <span class='ocr_line' id='line_1_7' title="bbox 270 696 1987 755; baseline -0.001 -2"><span class='ocrx_word' id='word_1_51' title='bbox 270 700 400 755; x_wconf 89' lang='lat' dir='ltr'>hanc</span> <span class='ocrx_word' id='word_1_52' title='bbox 444 698 680 754; x_wconf 89' lang='lat' dir='ltr'>tuendam</span> <span class='ocrx_word' id='word_1_53' title='bbox 723 700 1020 755; x_wconf 87' lang='lat' dir='ltr'>sententiam</span> <span class='ocrx_word' id='word_1_54' title='bbox 1062 699 1276 754; x_wconf 87' lang='lat' dir='ltr'>mirifice</span> <span class='ocrx_word' id='word_1_55' title='bbox 1317 696 1508 755; x_wconf 84' lang='lat' dir='ltr'>faciunt</span> <span class='ocrx_word' id='word_1_56' title='bbox 1538 697 1627 754; x_wconf 88' lang='lat' dir='ltr'>illa</span> <span class='ocrx_word' id='word_1_57' title='bbox 1652 696 1748 755; x_wconf 87' lang='lat' dir='ltr'>SS.</span> <span class='ocrx_word' id='word_1_58' title='bbox 1774 696 1987 755; x_wconf 91' lang='lat' dir='ltr'>Patrum</span> 
     </span>
     <span class='ocr_line' id='line_1_8' title="bbox 270 789 1988 867; baseline 0.001 -20"><span class='ocrx_word' id='word_1_59' title='bbox 270 804 316 847; x_wconf 90' lang='lat' dir='ltr'>et</span> <span class='ocrx_word' id='word_1_60' title='bbox 358 791 703 850; x_wconf 89' lang='lat' dir='ltr'>Conciliorum</span> <span class='ocrx_word' id='word_1_61' title='bbox 746 794 918 864; x_wconf 85' lang='lat' dir='ltr'>dicta,</span> <span class='ocrx_word' id='word_1_62' title='bbox 961 795 1011 849; x_wconf 88' lang='lat' dir='ltr'>in</span> <span class='ocrx_word' id='word_1_63' title='bbox 1056 793 1239 867; x_wconf 88' lang='lat' dir='ltr'>quibus</span> <span class='ocrx_word' id='word_1_64' title='bbox 1282 791 1344 848; x_wconf 90' lang='lat' dir='ltr'>de</span> <span class='ocrx_word' id='word_1_65' title='bbox 1388 790 1520 849; x_wconf 84' lang='lat' dir='ltr'>Sede</span> <span class='ocrx_word' id='word_1_66' title='bbox 1569 789 1803 849; x_wconf 85' lang='lat' dir='ltr'>Romana</span> <span class='ocrx_word' id='word_1_67' title='bbox 1861 793 1988 848; x_wconf 85' lang='lat' dir='ltr'>adeo</span> 
     </span>
     <span class='ocr_line' id='line_1_9' title="bbox 268 886 1987 966; baseline -0.001 -24"><span class='ocrx_word' id='word_1_68' title='bbox 268 887 530 961; x_wconf 88' lang='lat' dir='ltr'>praeclara</span> <span class='ocrx_word' id='word_1_69' title='bbox 583 887 969 966; x_wconf 81' lang='lat' dir='ltr'>praedicantur,</span> <span class='ocrx_word' id='word_1_70' title='bbox 1013 898 1066 943; x_wconf 87' lang='lat' dir='ltr'>ut</span> <span class='ocrx_word' id='word_1_71' title='bbox 1109 906 1306 962; x_wconf 80' lang='lat' dir='ltr'>semper</span> <span class='ocrx_word' id='word_1_72' title='bbox 1349 905 1459 942; x_wconf 86' lang='lat' dir='ltr'>eam</span> <span class='ocrx_word' id='word_1_73' title='bbox 1503 898 1729 943; x_wconf 83' lang='lat' dir='ltr'>asserant</span> <span class='ocrx_word' id='word_1_74' title='bbox 1769 886 1834 942; x_wconf 90' lang='lat' dir='ltr'>ab</span> <span class='ocrx_word' id='word_1_75' title='bbox 1875 888 1987 961; x_wconf 92' lang='lat' dir='ltr'>ipso</span> 
     </span>
     <span class='ocr_line' id='line_1_10' title="bbox 271 978 1988 1055; baseline -0.001 -19"><span class='ocrx_word' id='word_1_76' title='bbox 271 978 535 1037; x_wconf 83' lang='lat' dir='ltr'>Salvatore</span> <span class='ocrx_word' id='word_1_77' title='bbox 577 994 749 1038; x_wconf 90' lang='lat' dir='ltr'>nostro</span> <span class='ocrx_word' id='word_1_78' title='bbox 793 980 1078 1038; x_wconf 83' lang='lat' dir='ltr'>Primatum</span> <span class='ocrx_word' id='word_1_79' title='bbox 1121 982 1418 1050; x_wconf 84' lang='lat' dir='ltr'>obtinuisse,</span> <span class='ocrx_word' id='word_1_80' title='bbox 1445 1000 1532 1037; x_wconf 89' lang='lat' dir='ltr'>nec</span> <span class='ocrx_word' id='word_1_81' title='bbox 1560 999 1659 1037; x_wconf 89' lang='lat' dir='ltr'>non</span> <span class='ocrx_word' id='word_1_82' title='bbox 1696 981 1988 1055; x_wconf 86' lang='lat' dir='ltr'>disponente</span> 
     </span>
     <span class='ocr_line' id='line_1_11' title="bbox 269 1073 1986 1147; baseline 0.001 -19"><span class='ocrx_word' id='word_1_83' title='bbox 269 1073 488 1132; x_wconf 88' lang='lat' dir='ltr'>Domino</span> <span class='ocrx_word' id='word_1_84' title='bbox 531 1075 874 1132; x_wconf 89' lang='lat' dir='ltr'>Ecclesiarum</span> <span class='ocrx_word' id='word_1_85' title='bbox 918 1078 1142 1132; x_wconf 85' lang='lat' dir='ltr'>omnium</span> <span class='ocrx_word' id='word_1_86' title='bbox 1170 1088 1382 1132; x_wconf 87' lang='lat' dir='ltr'>matrem</span> <span class='ocrx_word' id='word_1_87' title='bbox 1408 1088 1455 1130; x_wconf 91' lang='lat' dir='ltr'>et</span> <span class='ocrx_word' id='word_1_88' title='bbox 1479 1077 1775 1147; x_wconf 81' lang='lat' dir='ltr'>magistram</span> <span class='ocrx_word' id='word_1_89' title='bbox 1798 1086 1986 1131; x_wconf 82' lang='lat' dir='ltr'>extare.</span> 
     </span>
     <span class='ocr_line' id='line_1_12' title="bbox 271 1166 1990 1242; baseline -0.001 -19"><span class='ocrx_word' id='word_1_90' title='bbox 271 1166 403 1236; x_wconf 81' lang='lat' dir='ltr'>Quis</span> <span class='ocrx_word' id='word_1_91' title='bbox 455 1172 589 1226; x_wconf 89' lang='lat' dir='ltr'>euim</span> <span class='ocrx_word' id='word_1_92' title='bbox 643 1171 844 1242; x_wconf 81' lang='lat' dir='ltr'>ignorat</span> <span class='ocrx_word' id='word_1_93' title='bbox 887 1171 1080 1226; x_wconf 90' lang='lat' dir='ltr'>celebre</span> <span class='ocrx_word' id='word_1_94' title='bbox 1123 1170 1250 1227; x_wconf 85' lang='lat' dir='ltr'>illud</span> <span class='ocrx_word' id='word_1_95' title='bbox 1295 1168 1488 1226; x_wconf 89' lang='lat' dir='ltr'>Gelasii</span> <span class='ocrx_word' id='word_1_96' title='bbox 1530 1170 1721 1225; x_wconf 90' lang='lat' dir='ltr'>dictum</span> <span class='ocrx_word' id='word_1_97' title='bbox 1763 1171 1815 1226; x_wconf 92' lang='lat' dir='ltr'>in</span> <span class='ocrx_word' id='word_1_98' title='bbox 1857 1166 1990 1224; x_wconf 92' lang='lat' dir='ltr'>Con-</span> 
     </span>
     <span class='ocr_line' id='line_1_13' title="bbox 271 1262 1991 1335; baseline -0.001 -18"><span class='ocrx_word' id='word_1_99' title='bbox 271 1264 389 1319; x_wconf 93' lang='lat' dir='ltr'>cilio</span> <span class='ocrx_word' id='word_1_100' title='bbox 431 1263 692 1321; x_wconf 82' lang='lat' dir='ltr'>Romano:</span> <span class='ocrx_word' id='word_1_101' title='bbox 737 1268 927 1322; x_wconf 76' lang='lat' dir='ltr'>Sancta</span> <span class='ocrx_word' id='word_1_102' title='bbox 968 1267 1209 1320; x_wconf 76' lang='lat' dir='ltr'>Romana</span> <span class='ocrx_word' id='word_1_103' title='bbox 1249 1264 1478 1319; x_wconf 81' lang='lat' dir='ltr'>Ecclesia</span> <span class='ocrx_word' id='word_1_104' title='bbox 1528 1263 1688 1319; x_wconf 79' lang='lat' dir='ltr'>nullis</span> <span class='ocrx_word' id='word_1_105' title='bbox 1735 1262 1991 1335; x_wconf 78' lang='lat' dir='ltr'>synodicis</span> 
     </span>
     <span class='ocr_line' id='line_1_14' title="bbox 272 1356 1992 1432; baseline 0.001 -22"><span class='ocrx_word' id='word_1_106' title='bbox 272 1359 555 1412; x_wconf 82' lang='lat' dir='ltr'>constitutis</span> <span class='ocrx_word' id='word_1_107' title='bbox 614 1360 791 1414; x_wconf 83' lang='lat' dir='ltr'>ceteris</span> <span class='ocrx_word' id='word_1_108' title='bbox 849 1359 1090 1415; x_wconf 75' lang='lat' dir='ltr'>Ecclesiis</span> <span class='ocrx_word' id='word_1_109' title='bbox 1141 1359 1382 1432; x_wconf 76' lang='lat' dir='ltr'>praelata</span> <span class='ocrx_word' id='word_1_110' title='bbox 1426 1369 1518 1427; x_wconf 79' lang='lat' dir='ltr'>est,</span> <span class='ocrx_word' id='word_1_111' title='bbox 1561 1359 1649 1415; x_wconf 84' lang='lat' dir='ltr'>sed</span> <span class='ocrx_word' id='word_1_112' title='bbox 1698 1356 1992 1430; x_wconf 74' lang='lat' dir='ltr'>evanqelica</span> 
     </span>
     <span class='ocr_line' id='line_1_15' title="bbox 270 1450 1994 1511; baseline -0.001 -6"><span class='ocrx_word' id='word_1_113' title='bbox 270 1470 387 1508; x_wconf 84' lang='lat' dir='ltr'>voce</span> <span class='ocrx_word' id='word_1_114' title='bbox 447 1453 663 1508; x_wconf 77' lang='lat' dir='ltr'>Domini</span> <span class='ocrx_word' id='word_1_115' title='bbox 724 1463 769 1509; x_wconf 85' lang='lat' dir='ltr'>et</span> <span class='ocrx_word' id='word_1_116' title='bbox 838 1453 1125 1511; x_wconf 75' lang='lat' dir='ltr'>Salv-acoris</span> <span class='ocrx_word' id='word_1_117' title='bbox 1180 1453 1344 1508; x_wconf 65' lang='lat' dir='ltr'>nostri</span> <span class='ocrx_word' id='word_1_118' title='bbox 1406 1453 1706 1509; x_wconf 77' lang='lat' dir='ltr'>Primatum</span> <span class='ocrx_word' id='word_1_119' title='bbox 1772 1450 1994 1507; x_wconf 78' lang='lat' dir='ltr'>obtinuit</span> 
     </span>
     <span class='ocr_line' id='line_1_16' title="bbox 276 1540 1991 1621; baseline 0 -20"><span class='ocrx_word' id='word_1_120' title='bbox 276 1542 454 1621; x_wconf 84' lang='lat' dir='ltr'>(Apud</span> <span class='ocrx_word' id='word_1_121' title='bbox 496 1545 753 1604; x_wconf 89' lang='lat' dir='ltr'>Mansium</span> <span class='ocrx_word' id='word_1_122' title='bbox 795 1544 1143 1604; x_wconf 86' lang='lat' dir='ltr'>Conciliorum</span> <span class='ocrx_word' id='word_1_123' title='bbox 1187 1546 1310 1604; x_wconf 82' lang='lat' dir='ltr'>edit.</span> <span class='ocrx_word' id='word_1_124' title='bbox 1338 1558 1459 1605; x_wconf 85' lang='lat' dir='ltr'>tom.</span> <span class='ocrx_word' id='word_1_125' title='bbox 1487 1545 1616 1603; x_wconf 87' lang='lat' dir='ltr'>VIII</span> <span class='ocrx_word' id='word_1_126' title='bbox 1658 1547 1754 1604; x_wconf 90' lang='lat' dir='ltr'>col.</span> <span class='ocrx_word' id='word_1_127' title='bbox 1805 1546 1912 1603; x_wconf 76' lang='lat'>147</span> <span class='ocrx_word' id='word_1_128' title='bbox 1937 1540 1991 1616; x_wconf 81' lang='lat'>)?</span> 
     </span>
     <span class='ocr_line' id='line_1_17' title="bbox 273 1637 1994 1716; baseline 0.001 -21"><span class='ocrx_word' id='word_1_129' title='bbox 273 1638 338 1695; x_wconf 92' lang='lat' dir='ltr'>Et</span> <span class='ocrx_word' id='word_1_130' title='bbox 380 1653 494 1696; x_wconf 91' lang='lat' dir='ltr'>ante</span> <span class='ocrx_word' id='word_1_131' title='bbox 536 1639 796 1697; x_wconf 79' lang='lat' dir='ltr'>Gelasium</span> <span class='ocrx_word' id='word_1_132' title='bbox 839 1638 897 1697; x_wconf 84' lang='lat' dir='ltr'>S.</span> <span class='ocrx_word' id='word_1_133' title='bbox 924 1639 1027 1698; x_wconf 90' lang='lat' dir='ltr'>Leo</span> <span class='ocrx_word' id='word_1_134' title='bbox 1069 1660 1149 1716; x_wconf 87' lang='lat' dir='ltr'>ep.</span> <span class='ocrx_word' id='word_1_135' title='bbox 1182 1643 1293 1696; x_wconf 79' lang='lat'>120</span> <span class='ocrx_word' id='word_1_136' title='bbox 1339 1640 1404 1699; x_wconf 87' lang='lat' dir='ltr'>ad</span> <span class='ocrx_word' id='word_1_137' title='bbox 1445 1637 1824 1698; x_wconf 86' lang='lat' dir='ltr'>Theodoretum</span> <span class='ocrx_word' id='word_1_138' title='bbox 1867 1641 1994 1698; x_wconf 88' lang='lat' dir='ltr'>scri-</span> 
     </span>
     <span class='ocr_line' id='line_1_18' title="bbox 274 1732 1993 1807; baseline -0.002 -17"><span class='ocrx_word' id='word_1_139' title='bbox 274 1747 445 1807; x_wconf 89' lang='lat' dir='ltr'>pserat</span> <span class='ocrx_word' id='word_1_140' title='bbox 505 1735 567 1790; x_wconf 92' lang='lat' dir='ltr'>de</span> <span class='ocrx_word' id='word_1_141' title='bbox 625 1733 757 1791; x_wconf 88' lang='lat' dir='ltr'>Sede</span> <span class='ocrx_word' id='word_1_142' title='bbox 817 1732 1053 1792; x_wconf 86' lang='lat' dir='ltr'>Romana</span> <span class='ocrx_word' id='word_1_143' title='bbox 1112 1736 1192 1792; x_wconf 82' lang='lat' dir='ltr'>his</span> <span class='ocrx_word' id='word_1_144' title='bbox 1253 1735 1437 1791; x_wconf 82' lang='lat' dir='ltr'>verbis:</span> <span class='ocrx_word' id='word_1_145' title='bbox 1490 1735 1680 1790; x_wconf 87' lang='lat' dir='ltr'>Ceteris</span> <span class='ocrx_word' id='word_1_146' title='bbox 1738 1734 1993 1791; x_wconf 80' lang='lat' dir='ltr'>Dominus</span> 
     </span>
     <span class='ocr_line' id='line_1_19' title="bbox 276 1827 1994 1904; baseline 0.002 -22"><span class='ocrx_word' id='word_1_147' title='bbox 276 1829 454 1884; x_wconf 83' lang='lat' dir='ltr'>statuit</span> <span class='ocrx_word' id='word_1_148' title='bbox 508 1829 825 1903; x_wconf 77' lang='lat' dir='ltr'>praesidere.</span> <span class='ocrx_word' id='word_1_149' title='bbox 880 1827 955 1886; x_wconf 83' lang='lat' dir='ltr'>Ac</span> <span class='ocrx_word' id='word_1_150' title='bbox 1014 1830 1247 1904; x_wconf 87' lang='lat' dir='ltr'>denique,</span> <span class='ocrx_word' id='word_1_151' title='bbox 1302 1841 1354 1884; x_wconf 89' lang='lat' dir='ltr'>ut</span> <span class='ocrx_word' id='word_1_152' title='bbox 1412 1841 1573 1885; x_wconf 86' lang='lat' dir='ltr'>cetera</span> <span class='ocrx_word' id='word_1_153' title='bbox 1634 1831 1881 1899; x_wconf 86' lang='lat' dir='ltr'>omittam,</span> <span class='ocrx_word' id='word_1_154' title='bbox 1940 1831 1994 1885; x_wconf 90' lang='lat' dir='ltr'>in</span> 
     </span>
     <span class='ocr_line' id='line_1_20' title="bbox 281 1921 1992 1998; baseline 0 -20"><span class='ocrx_word' id='word_1_155' title='bbox 281 1921 512 1979; x_wconf 91' lang='lat' dir='ltr'>Concilio</span> <span class='ocrx_word' id='word_1_156' title='bbox 572 1922 900 1980; x_wconf 82' lang='lat' dir='ltr'>Lateranensi</span> <span class='ocrx_word' id='word_1_157' title='bbox 959 1922 1031 1978; x_wconf 91' lang='lat' dir='ltr'>IV</span> <span class='ocrx_word' id='word_1_158' title='bbox 1074 1922 1231 1979; x_wconf 87' lang='lat' dir='ltr'>Sedes</span> <span class='ocrx_word' id='word_1_159' title='bbox 1292 1922 1526 1980; x_wconf 84' lang='lat' dir='ltr'>Romana</span> <span class='ocrx_word' id='word_1_160' title='bbox 1585 1925 1992 1998; x_wconf 87' lang='lat' dir='ltr'>praenunciatur,</span> 
     </span>
     <span class='ocr_line' id='line_1_21' title="bbox 273 2018 1995 2091; baseline -0.001 -19"><span class='ocrx_word' id='word_1_161' title='bbox 273 2037 424 2073; x_wconf 86' lang='lat' dir='ltr'>unam</span> <span class='ocrx_word' id='word_1_162' title='bbox 483 2037 595 2073; x_wconf 85' lang='lat' dir='ltr'>eam</span> <span class='ocrx_word' id='word_1_163' title='bbox 653 2038 796 2089; x_wconf 75' lang='lat' dir='ltr'>esse,</span> <span class='ocrx_word' id='word_1_164' title='bbox 845 2036 974 2090; x_wconf 77' lang='lat' dir='ltr'>quae</span> <span class='ocrx_word' id='word_1_165' title='bbox 1024 2019 1320 2091; x_wconf 72' lang='lat' dir='ltr'>disponente</span> <span class='ocrx_word' id='word_1_166' title='bbox 1364 2018 1590 2074; x_wconf 81' lang='lat' dir='ltr'>Domino</span> <span class='ocrx_word' id='word_1_167' title='bbox 1632 2035 1784 2091; x_wconf 77' lang='lat' dir='ltr'>super</span> <span class='ocrx_word' id='word_1_168' title='bbox 1824 2035 1995 2073; x_wconf 77' lang='lat' dir='ltr'>omnes</span> 
     </span>
     <span class='ocr_line' id='line_1_22' title="bbox 275 2113 1994 2187; baseline 0.002 -20"><span class='ocrx_word' id='word_1_169' title='bbox 275 2113 407 2167; x_wconf 81' lang='lat' dir='ltr'>alias</span> <span class='ocrx_word' id='word_1_170' title='bbox 467 2113 768 2168; x_wconf 78' lang='lat' dir='ltr'>ordinariae</span> <span class='ocrx_word' id='word_1_171' title='bbox 821 2115 1085 2186; x_wconf 77' lang='lat' dir='ltr'>potestatis</span> <span class='ocrx_word' id='word_1_172' title='bbox 1142 2115 1331 2170; x_wconf 76' lang='lat' dir='ltr'>obtinet</span> <span class='ocrx_word' id='word_1_173' title='bbox 1383 2114 1781 2187; x_wconf 76' lang='lat' dir='ltr'>principatum,</span> <span class='ocrx_word' id='word_1_174' title='bbox 1823 2124 1994 2187; x_wconf 77' lang='lat' dir='ltr'>utpote</span> 
     </span>
     <span class='ocr_line' id='line_1_23' title="bbox 274 2208 1735 2283; baseline 0.003 -21"><span class='ocrx_word' id='word_1_175' title='bbox 274 2220 439 2263; x_wconf 87' lang='lat' dir='ltr'>mater</span> <span class='ocrx_word' id='word_1_176' title='bbox 478 2208 836 2263; x_wconf 78' lang='lat' dir='ltr'>universorum</span> <span class='ocrx_word' id='word_1_177' title='bbox 879 2209 1068 2265; x_wconf 80' lang='lat' dir='ltr'>Christi</span> <span class='ocrx_word' id='word_1_178' title='bbox 1103 2209 1342 2283; x_wconf 80' lang='lat' dir='ltr'>fidelium</span> <span class='ocrx_word' id='word_1_179' title='bbox 1383 2220 1428 2265; x_wconf 87' lang='lat' dir='ltr'>et</span> <span class='ocrx_word' id='word_1_180' title='bbox 1470 2210 1735 2282; x_wconf 69' lang='lat' dir='ltr'>maqistra.</span> 
     </span>
    </p>
   </div>
   <div class='ocr_carea' id='block_1_3' title="bbox 269 2394 2006 2940">
    <p class='ocr_par' dir='ltr' id='par_1_3' title="bbox 269 2394 2006 2940">
     <span class='ocr_line' id='line_1_24' title="bbox 336 2394 2004 2457; baseline -0.001 -15"><span class='ocrx_word' id='word_1_181' title='bbox 336 2397 432 2442; x_wconf 81' lang='lat' dir='ltr'>Hac</span> <span class='ocrx_word' id='word_1_182' title='bbox 469 2395 524 2441; x_wconf 85' lang='lat' dir='ltr'>de</span> <span class='ocrx_word' id='word_1_183' title='bbox 560 2409 608 2441; x_wconf 88' lang='lat' dir='ltr'>re</span> <span class='ocrx_word' id='word_1_184' title='bbox 644 2395 871 2455; x_wconf 86' lang='lat' dir='ltr'>legendus</span> <span class='ocrx_word' id='word_1_185' title='bbox 909 2403 979 2442; x_wconf 88' lang='lat' dir='ltr'>est</span> <span class='ocrx_word' id='word_1_186' title='bbox 1013 2397 1294 2444; x_wconf 85' lang='lat' dir='ltr'>Benedictus</span> <span class='ocrx_word' id='word_1_187' title='bbox 1330 2398 1427 2443; x_wconf 87' lang='lat' dir='ltr'>XIV</span> <span class='ocrx_word' id='word_1_188' title='bbox 1462 2394 1516 2443; x_wconf 86' lang='lat' dir='ltr'>de</span> <span class='ocrx_word' id='word_1_189' title='bbox 1551 2397 1667 2457; x_wconf 80' lang='lat' dir='ltr'>Syn.</span> <span class='ocrx_word' id='word_1_190' title='bbox 1693 2395 1898 2443; x_wconf 86' lang='lat' dir='ltr'>Dioeees.</span> <span class='ocrx_word' id='word_1_191' title='bbox 1924 2394 2004 2442; x_wconf 86' lang='lat' dir='ltr'>lib.</span> 
     </span>
     <span class='ocr_line' id='line_1_25' title="bbox 272 2474 2005 2539; baseline -0.001 -17"><span class='ocrx_word' id='word_1_192' title='bbox 272 2476 327 2522; x_wconf 86' lang='lat'>11</span> <span class='ocrx_word' id='word_1_193' title='bbox 368 2490 467 2538; x_wconf 76' lang='lat' dir='ltr'>cap.</span> <span class='ocrx_word' id='word_1_194' title='bbox 511 2477 567 2532; x_wconf 86' lang='lat'>1,</span> <span class='ocrx_word' id='word_1_195' title='bbox 605 2477 886 2524; x_wconf 82' lang='lat' dir='ltr'>Ballerinius</span> <span class='ocrx_word' id='word_1_196' title='bbox 939 2475 1120 2524; x_wconf 78' lang='lat' dir='ltr'>Vindio.</span> <span class='ocrx_word' id='word_1_197' title='bbox 1172 2478 1393 2525; x_wconf 80' lang='lat' dir='ltr'>auctorit.</span> <span class='ocrx_word' id='word_1_198' title='bbox 1432 2476 1616 2539; x_wconf 76' lang='lat' dir='ltr'>Pontis.</span> <span class='ocrx_word' id='word_1_199' title='bbox 1655 2492 1754 2538; x_wconf 79' lang='lat' dir='ltr'>cap.</span> <span class='ocrx_word' id='word_1_200' title='bbox 1795 2478 1825 2523; x_wconf 88' lang='grc'><strong>8</strong></span> <span class='ocrx_word' id='word_1_201' title='bbox 1862 2474 1902 2538; x_wconf 78' lang='lat'>§.</span> <span class='ocrx_word' id='word_1_202' title='bbox 1944 2478 2005 2533; x_wconf 84' lang='lat'>2,</span> 
     </span>
     <span class='ocr_line' id='line_1_26' title="bbox 270 2556 2006 2618; baseline -0.001 -14"><span class='ocrx_word' id='word_1_203' title='bbox 270 2559 547 2604; x_wconf 80' lang='lat' dir='ltr'>Dissertatio</span> <span class='ocrx_word' id='word_1_204' title='bbox 597 2559 924 2617; x_wconf 82' lang='lat' dir='ltr'>Augustoduni</span> <span class='ocrx_word' id='word_1_205' title='bbox 975 2559 1099 2604; x_wconf 84' lang='lat' dir='ltr'>edita</span> <span class='ocrx_word' id='word_1_206' title='bbox 1149 2572 1224 2605; x_wconf 88' lang='lat' dir='ltr'>an.</span> <span class='ocrx_word' id='word_1_207' title='bbox 1281 2559 1437 2615; x_wconf 82' lang='lat'>1782,</span> <span class='ocrx_word' id='word_1_208' title='bbox 1475 2560 1551 2605; x_wconf 91' lang='lat' dir='ltr'>cui</span> <span class='ocrx_word' id='word_1_209' title='bbox 1585 2559 1753 2604; x_wconf 88' lang='lat' dir='ltr'>titulus</span> <span class='ocrx_word' id='word_1_210' title='bbox 1788 2556 2006 2618; x_wconf 77' lang='lat' dir='ltr'>Epistola</span> 
     </span>
     <span class='ocr_line' id='line_1_27' title="bbox 269 2637 2006 2702; baseline 0.001 -19"><span class='ocrx_word' id='word_1_211' title='bbox 269 2638 485 2700; x_wconf 70' lang='lat' dir='ltr'>Siltasipi</span> <span class='ocrx_word' id='word_1_212' title='bbox 519 2655 548 2684; x_wconf 91' lang='lat' dir='ltr'>a</span> <span class='ocrx_word' id='word_1_213' title='bbox 585 2637 765 2700; x_wconf 79' lang='lat' dir='ltr'>lapide,</span> <span class='ocrx_word' id='word_1_214' title='bbox 801 2654 864 2685; x_wconf 78' lang='lat' dir='ltr'>an</span> <span class='ocrx_word' id='word_1_215' title='bbox 900 2654 1103 2685; x_wconf 80' lang='lat' dir='ltr'>summus</span> <span class='ocrx_word' id='word_1_216' title='bbox 1139 2639 1450 2702; x_wconf 77' lang='lat' dir='ltr'>Pontificatus</span> <span class='ocrx_word' id='word_1_217' title='bbox 1487 2654 1517 2685; x_wconf 87' lang='lat' dir='ltr'>a</span> <span class='ocrx_word' id='word_1_218' title='bbox 1551 2641 1759 2685; x_wconf 78' lang='lat' dir='ltr'>Romana</span> <span class='ocrx_word' id='word_1_219' title='bbox 1796 2637 2006 2685; x_wconf 83' lang='lat' dir='ltr'>Ecclesia</span> 
     </span>
     <span class='ocr_line' id='line_1_28' title="bbox 269 2718 2006 2782; baseline 0 -17"><span class='ocrx_word' id='word_1_220' title='bbox 269 2719 440 2777; x_wconf 71' lang='lat' dir='ltr'>avelli,</span> <span class='ocrx_word' id='word_1_221' title='bbox 479 2727 520 2766; x_wconf 87' lang='lat' dir='ltr'>et</span> <span class='ocrx_word' id='word_1_222' title='bbox 555 2719 650 2766; x_wconf 85' lang='lat' dir='ltr'>alio</span> <span class='ocrx_word' id='word_1_223' title='bbox 686 2718 943 2782; x_wconf 83' lang='lat' dir='ltr'>transferri</span> <span class='ocrx_word' id='word_1_224' title='bbox 971 2720 1151 2782; x_wconf 74' lang='lat' dir='ltr'>possit,</span> <span class='ocrx_word' id='word_1_225' title='bbox 1190 2728 1237 2767; x_wconf 85' lang='lat' dir='ltr'>et</span> <span class='ocrx_word' id='word_1_226' title='bbox 1274 2722 1448 2767; x_wconf 86' lang='lat' dir='ltr'>Auctor</span> <span class='ocrx_word' id='word_1_227' title='bbox 1483 2718 1701 2766; x_wconf 80' lang='lat' dir='ltr'>Febronii</span> <span class='ocrx_word' id='word_1_228' title='bbox 1743 2718 2006 2766; x_wconf 82' lang='lat' dir='ltr'>abbreviati</span> 
     </span>
     <span class='ocr_line' id='line_1_29' title="bbox 272 2800 1999 2862; baseline 0 -17"><span class='ocrx_word' id='word_1_229' title='bbox 272 2801 519 2847; x_wconf 70' lang='lat' dir='ltr'>cumnotis</span> <span class='ocrx_word' id='word_1_230' title='bbox 542 2808 649 2848; x_wconf 87' lang='lat' dir='ltr'>tom.</span> <span class='ocrx_word' id='word_1_231' title='bbox 679 2803 700 2847; x_wconf 95' lang='lat'>1</span> <span class='ocrx_word' id='word_1_232' title='bbox 739 2800 778 2862; x_wconf 86' lang='lat'>§.</span> <span class='ocrx_word' id='word_1_233' title='bbox 816 2801 864 2858; x_wconf 86' lang='lat'>3,</span> <span class='ocrx_word' id='word_1_234' title='bbox 902 2815 958 2849; x_wconf 83' lang='lat' dir='ltr'>ex</span> <span class='ocrx_word' id='word_1_235' title='bbox 994 2816 1084 2861; x_wconf 87' lang='lat' dir='ltr'>quo</span> <span class='ocrx_word' id='word_1_236' title='bbox 1121 2801 1275 2848; x_wconf 85' lang='lat' dir='ltr'>facere</span> <span class='ocrx_word' id='word_1_237' title='bbox 1313 2814 1407 2847; x_wconf 87' lang='lat' dir='ltr'>non</span> <span class='ocrx_word' id='word_1_238' title='bbox 1444 2813 1628 2859; x_wconf 87' lang='lat' dir='ltr'>possum</span> <span class='ocrx_word' id='word_1_239' title='bbox 1667 2801 1781 2859; x_wconf 88' lang='lat' dir='ltr'>quin</span> <span class='ocrx_word' id='word_1_240' title='bbox 1818 2801 1999 2859; x_wconf 83' lang='lat' dir='ltr'>aliquot</span> 
     </span>
     <span class='ocr_line' id='line_1_30' title="bbox 273 2881 2005 2940; baseline -0.001 -13"><span class='ocrx_word' id='word_1_241' title='bbox 273 2891 547 2940; x_wconf 84' lang='lat' dir='ltr'>argumenta</span> <span class='ocrx_word' id='word_1_242' title='bbox 596 2896 804 2939; x_wconf 81' lang='lat' dir='ltr'>sumam,</span> <span class='ocrx_word' id='word_1_243' title='bbox 857 2891 902 2930; x_wconf 87' lang='lat' dir='ltr'>ct</span> <span class='ocrx_word' id='word_1_244' title='bbox 949 2884 1035 2930; x_wconf 88' lang='lat' dir='ltr'>hoc</span> <span class='ocrx_word' id='word_1_245' title='bbox 1072 2884 1174 2930; x_wconf 90' lang='lat' dir='ltr'>loco</span> <span class='ocrx_word' id='word_1_246' title='bbox 1211 2883 1259 2928; x_wconf 89' lang='lat' dir='ltr'>iu</span> <span class='ocrx_word' id='word_1_247' title='bbox 1296 2883 1497 2930; x_wconf 85' lang='lat' dir='ltr'>medium</span> <span class='ocrx_word' id='word_1_248' title='bbox 1535 2881 1798 2940; x_wconf 78' lang='lat' dir='ltr'>proferam,</span> <span class='ocrx_word' id='word_1_249' title='bbox 1835 2882 2005 2940; x_wconf 89' lang='lat' dir='ltr'>quihus</span> 
     </span>
    </p>
   </div>
  </div>
 </body>
</html>
