2114 3289
355 120 428 171 50
474 137 566 173 LIB.
591 137 642 172 ΙΙ.
664 136 709 173 C.
738 135 771 172 1.
803 134 862 168 DE
889 135 937 169 R.
963 132 1228 172 PONTIFICE
1258 135 1428 180 EJUSQ.
1451 135 1789 174 ADJUTORIBUS

271 239 402 308 lum,
444 252 706 312 tamquam
747 255 1000 310 oryanum
1044 248 1090 293 ct
1131 239 1427 294 ministrum
1468 240 1690 297 hominis
1734 258 1998 304 excercere-

271 346 375 393 ταν.
435 337 571 390 Nam
612 333 786 388 oculus
820 351 919 405 per
962 343 1008 387 et
1041 343 1256 406 propter
1306 333 1562 390 hominem
1613 336 1809 392 existit.
1872 335 1996 391 Inde

271 430 542 498 concludit,
589 425 671 484 1.,Ο
717 426 975 484 Christum
1015 427 1288 500 fundando
1332 428 1613 484 Ecclesiam
1649 431 1802 503 prius
1830 440 1877 485 et
1901 431 1998 485 im-

270 524 546 579 mediatias
570 522 753 590 clavem,
780 540 867 578 seu
885 522 1310 597 jurisdictionem
1345 523 1438 577 toti
1481 524 1675 580 dedisse
1719 524 1998 592 Ecclesiae,

270 637 424 691 quam
466 621 654 672 Petro:
700 614 787 675 2⁰
830 620 1034 691 Papam
1077 628 1122 672 et
1164 617 1440 691 Episcopos
1467 620 1689 674 'nonnisi
1732 620 1998 674 ministros

271 730 409 780 esse,
449 723 508 766 ut
543 712 971 786 jurisdictionem
1013 712 1161 767 illam
1205 723 1480 768 exerceant
1526 714 1733 769 nomine
1786 726 1831 770 et
1881 732 2000 769 con-

270 824 417 862 sensu
477 808 631 862 totius
688 809 934 881 corporis,
996 806 1228 863 Richerii
1287 826 1511 863 errorem
1565 808 1838 882 amplexati
1883 820 1998 864 sunt

268 900 623 973 Jansenistae3
681 903 754 958 sic
813 903 943 965 inter
984 901 1250 959 damnatas
1295 901 1579 971 Quesnellii
1622 898 1994 978 propositiones

269 997 596 1068 nonagesima
638 998 762 1053 haec
804 1010 911 1053 est:
956 997 1186 1053 Ecclesia
1219 1008 1520 1070 potestatem
1549 997 2001 1052 eoecommunican-

270 1091 329 1145 di
370 1091 546 1159 habet,
589 1103 647 1147 ut
689 1110 802 1147 eam
844 1103 1081 1148 eoeerceat
1117 1111 1216 1166 per
1251 1093 1452 1165 primos
1495 1094 1734 1146 Pastores
1777 1092 1839 1146 de
1880 1110 1999 1146 con-

269 1203 418 1240 sensu
456 1186 633 1242 saltem
670 1195 1002 1261 praesumpto
1043 1187 1206 1260 ipsius
1247 1187 1493 1261 corporis,
1538 1185 1607 1243 Hi
1652 1206 1824 1243 omnes
1863 1199 2000 1243 ante-

271 1282 538 1352 signanum
599 1281 785 1338 habent
843 1279 1121 1339 Lutherum
1181 1281 1271 1340 lib.
1325 1281 1386 1338 de
1430 1278 1632 1357 Captiv.
1678 1281 1904 1354 Babyl.‚
1946 1282 2000 1336 in

272 1394 372 1450 quo
430 1376 701 1432 affirmavit
757 1394 915 1451 neque
966 1371 1243 1448 Pontifici,
1287 1395 1446 1451 neque
1489 1377 1759 1452 Episcopis
1803 1378 2000 1446 ullam,

272 1471 370 1526 nisi
411 1490 475 1526 ex
519 1468 743 1526 fidelium
786 1491 1050 1542 consensu,
1093 1483 1389 1547 potestatem
1432 1492 1558 1528 esse.
1605 1470 1782 1546 Itaque
1826 1468 2001 1527 Eccle-

270 1569 377 1623 siae
419 1569 642 1638 regimen
684 1567 1076 1625 democraticum
1119 1568 1376 1641 effingunt,
1403 1570 1489 1625 ubi
1532 1581 1634 1624 tota
1672 1581 1895 1643 potestas
1924 1580 1999 1624 est

269 1680 421 1736 penes
464 1662 857 1732 multitudinem,
884 1681 911 1717 a
949 1683 1047 1736 qua
1090 1661 1390 1720 Pastoribus
1433 1683 1522 1719 ceu
1566 1664 1814 1719 ministris
1858 1681 1998 1719 com-

271 1757 573 1826 municatur,
617 1768 669 1811 ut
711 1758 869 1832 ipsius
913 1760 1113 1813 nomine
1156 1769 1203 1813 et
1245 1777 1489 1814 consensu
1532 1770 1845 1813 exerceatur.

349 1848 596 1907 Nonnulli
639 1854 909 1928 scriptores
953 1854 1189 1909 catholici
1233 1853 1526 1923 docuerunt,
1556 1853 1720 1909 claves
1761 1852 1998 1908 ecclesia-

271 1947 425 2001 sticae
467 1948 724 2020 potestatis
769 1967 797 2002 a
841 1944 1047 2003 Christo
1109 1948 1397 2003 immediate
1455 1948 1669 2003 traditas
1731 1947 1991 2003 Ecclesiae

270 2038 443 2097 fuisse.
486 2038 589 2096 Sed
632 2042 813 2097 horum
857 2044 1099 2099 sententia
1143 2063 1171 2098 a
1213 2040 1445 2098 Richerii
1490 2043 1749 2098 erroribus
1787 2042 1992 2097 omnino

270 2133 541 2209 discrepat.
584 2134 856 2193 Richerius
897 2134 1154 2193 Ecclesiae
1197 2140 1398 2193 nomine
1436 2149 1591 2193 totam
1621 2136 1992 2192 multitudinem

272 2228 498 2284 fidelium
555 2231 827 2303 intelligit,
887 2233 963 2287 illi
1024 2230 1324 2288 Pontificem
1368 2244 1561 2287 tantum
1603 2244 1650 2287 et
1693 2230 1990 2306 Episcop05.

273 2326 503 2380 Potestas
551 2326 792 2397 clavium,
838 2330 1002 2403 inquit
1044 2327 1238 2384 Habert
1280 2329 1340 2384 de
1384 2328 1653 2385 Hierarch.
1699 2327 1835 2384 Eccl.
1880 2346 1991 2400 cap.

274 2423 307 2473 5
350 2415 396 2490 3.
443 2425 475 2475 5
520 2440 569 2495 q.
618 2423 687 2490 2,
731 2422 855 2476 data
897 2432 966 2476 est
1008 2422 1303 2489 Ecclesiae,
1347 2423 1437 2476 ltoc
1482 2433 1588 2489 est,
1645 2420 1887 2494 Pontifici
1949 2431 1995 2474 et

271 2514 575 2587 Episcopis,
625 2526 669 2570 et
711 2514 789 2569 his
830 2515 1038 2586 quidem
1081 2535 1195 2571 cam
1236 2516 1658 2571 subordinatione
1701 2514 1771 2569 ad
1813 2514 1996 2568 Ponti-

267 2609 413 2680 ficem
456 2610 604 2664 Petri
645 2614 1008 2668 Successorem.

330 2748 556 2793 Doctrina
603 2748 835 2795 Edmundi
884 2748 1091 2796 Richerii
1142 2761 1236 2795 non
1285 2749 1434 2795 solum
1485 2747 1863 2801 ecclesiasticae,
1914 2746 1994 2792 sest

267 2827 409 2872 etiam
445 2829 576 2875 civili
612 2830 834 2888 potestati
870 2829 1192 2877 infensissima
1229 2837 1316 2886 est,
1354 2831 1420 2875 ita
1458 2836 1509 2875 ut
1545 2836 1648 2887 post
1684 2829 1859 2874 editum
1897 2824 2002 2884 ejus

268 2907 496 2967 libellum,
530 2909 627 2959 sere
661 2924 824 2960 omnes
858 2912 1102 2972 utriusque
1137 2913 1385 2971 potestatis
1421 2911 1578 2958 hostes
1614 2910 1881 2957 Richerium
1915 2910 2003 2954 du-
