2114 3289
336 100 404 149 12
626 118 738 154 CAP.
783 119 817 154 1.
865 119 923 153 nr:
970 119 1091 155 June
1135 119 1251 156 CAN.
1299 116 1591 159 GENERATIM

241 217 522 290 plicantur,
550 221 696 275 etad
736 237 878 274 casus
919 221 978 275 in
1018 221 1211 293 legibus
1252 241 1356 277 non
1399 241 1663 297 cmpressos
1699 223 1849 297 justu
1887 225 1971 279 in-

248 315 608 386 terpretatione
667 315 1032 372 emendantur.
1097 316 1233 371 Haec
1283 318 1452 391 itaque
1503 318 1771 392 prudentia
1814 318 1972 391 expli-

247 407 397 463 candi
463 407 850 482 applicandique
912 411 1040 480 juris
1108 412 1233 467 solet
1290 412 1694 486 jurisprudentia
1763 413 1973 480 vocari,

248 513 395 575 atque
453 503 578 559 adeo
637 502 871 559 definiri:
935 505 1178 559 Facultas
1221 505 1324 560 sive
1368 506 1574 561 habitus
1618 506 1978 562 ecclesiasticas

244 595 375 667 leqes
414 596 815 668 interpretandi,
861 616 1041 670 easque
1085 600 1183 654 rite
1228 600 1300 654 ad
1342 611 1662 656 occurrentes
1704 618 1845 655 casus
1887 617 1978 672 ap-

239 689 495 761 plicandi.
558 689 735 764 Itaque
794 692 1228 766 jurisprudentiae
1278 694 1643 751 ecclesiasticae
1693 694 1820 750 duae
1862 705 1975 749 sunt

247 783 396 838 veluti
456 796 663 858 partes,
725 804 938 858 quarum
1000 805 1099 842 una
1161 788 1294 859 leges
1357 788 1719 843 ecclesiasticas
1764 789 1974 843 scienter

245 878 815 951 interpretatur,'altera
858 880 1061 936 easdem
1105 881 1237 953 leges
1283 882 1347 937 ad
1392 882 1544 952 facta,
1579 883 1684 938 sive
1727 895 1780 937 ut
1823 882 1971 953 vulgo

244 972 420 1041 ajunt,
464 972 534 1026 acl
576 990 718 1026 casus
760 974 1077 1050 obvenientes
1118 976 1362 1048 applicat.
1409 975 1583 1032 Prima
1624 976 1973 1050 jurispruden-

243 1067 341 1120 tiae
383 1085 522 1139 pam,
567 1086 695 1140 quae
741 1069 791 1122 in
837 1080 1026 1123 rectam
1070 1071 1531 1144 interpretationem
1574 1071 1740 1141 legum
1783 1072 1974 1125 incum-

246 1160 354 1228 hit,
397 1161 556 1216 ardua
600 1174 710 1231 est,
761 1163 1136 1236 multarumque
1196 1184 1362 1219 rerum
1424 1166 1657 1239 peritiam
1717 1164 1974 1238 postulat3

246 1254 403 1309 altera
446 1275 562 1328 pars
606 1276 734 1329 quae
779 1258 830 1311 in
875 1257 1191 1331 applicandis
1236 1257 1431 1329 legibus
1469 1270 1713 1327 versatur,
1739 1258 1972 1332 expedita

245 1349 481 1405 etfacilis
508 1362 600 1420 est,
627 1353 797 1407 statim
841 1371 899 1407 ac
941 1372 1004 1407 ex
1049 1365 1163 1428 apta
1208 1353 1333 1426 legis
1378 1355 1786 1427 interpretatione
1830 1372 1969 1408 mens

248 1441 576 1515 Legislatoris
619 1459 873 1520 comperta
916 1446 1084 1503 fuerit.

326 1539 487 1611 Igitur
527 1542 871 1616 interpretatio
914 1557 988 1599 est
1029 1543 1258 1618 alicujus
1299 1545 1423 1616 lcqis
1467 1545 1705 1599 obscurae
1748 1544 1825 1600 ‘cel
1860 1563 1969 1599 am-

246 1636 427 1707 biquae
471 1635 805 1708 εχρῖαηαιίος
849 1638 966 1692 hinc
1010 1636 1188 1694 Cicero
1230 1638 1319 1695 lib.
1369 1642 1391 1692 1
1445 1639 1505 1694 tle
1549 1640 1653 1695 div.
1699 1642 1802 1695 ait:
1847 1639 1972 1710 quia

247 1741 394 1784 erant
434 1730 597 1785 multa
638 1730 869 1797 obscura,
898 1732 1061 1786 multa
1089 1734 1352 1805 ambigua,
1390 1733 1778 1806 explanationes
1820 1732 1971 1787 acthi-

247 1824 379 1878 bicctc
420 1837 535 1878 sunt
576 1825 929 1897 interpretum.
990 1825 1145 1882 Recta
1191 1848 1306 1882 vero
1351 1828 1639 1897 hujusmodi
1685 1828 1851 1899 legum
1893 1830 1970 1883 in-

249 1921 535 1993 terpretatio
579 1939 640 1973 cx
685 1920 849 1975 verbis
894 1932 939 1974 et
989 1921 1338 1994 probabilibus
1393 1923 1691 1991 conjecturis
1752 1921 1969 1976 eruenda

248 2025 340 2068 est.
402 2011 555 2078 Quod
598 2015 809 2087 pertinet
851 2013 915 2068 ad
959 2015 1146 2084 verba,
1194 2016 1384 2070 isthaec
1428 2015 1719 2088 accipienda
1763 2026 1876 2070 sunt
1918 2017 1967 2069 in

251 2107 617 2176 significatione
658 2109 885 2181 propria,
929 2121 975 2163 et
1017 2111 1242 2179 usitata3
1287 2111 1358 2164 sic
1402 2111 1534 2163 enim
1578 2109 1854 2182 putandum
1897 2120 1971 2163 est

252 2221 280 2255 a
325 2198 635 2271 Legislatore
679 2202 907 2257 adhibita
951 2202 1124 2273 fuisse,
1162 2217 1213 2258 ut
1257 2203 1401 2259 facile
1446 2204 1509 2258 al)
1553 2203 1784 2258 omnibus
1828 2203 1970 2257 intel-

251 2296 538 2365 ligerentur.
592 2294 692 2351 Sed
736 2298 865 2351 ratio
910 2309 1192 2371 temporum
1237 2297 1468 2352 habenda
1511 2309 1610 2365 est,
1654 2296 1970 2369 quandoqui-

253 2390 366 2444 dem
410 2403 524 2444 sunt
566 2391 735 2463 aliqua
780 2391 1042 2460 vocabula9
1072 2411 1198 2463 quae
1241 2393 1459 2464 antiquis
1495 2391 1802 2463 temporibus
1830 2390 1967 2444 aliud

253 2484 642 2553 significabant,
687 2484 823 2539 aliud
867 2485 1018 2541 modo
1063 2486 1366 2555 significant.
1418 2483 1662 2558 Exemplo
1707 2502 1811 2537 esse
1853 2503 1968 2557 pos-

254 2590 365 2632 sunt
411 2579 601 2633 isthaec
646 2579 924 2634 vocabula:
972 2579 1243 2644 dioecesis,
1282 2578 1561 2651 parochia,
1604 2578 1878 2643 viaticum,
1922 2590 1968 2632 et

256 2671 646 2744 alia,(1uoi·uin
706 2674 938 2745 antiquae
1000 2675 1391 2744 significationes
1453 2674 1503 2726 in
1565 2673 1689 2727 alias
1751 2683 1967 2726 mutatae

257 2776 386 2820 sunt.
434 2766 549 2822 Vim
592 2779 637 2820 et
680 2778 969 2840 potestatem
1016 2767 1306 2836 hujusmodi
1352 2767 1634 2834 verborum„
1669 2766 1842 2820 habita
1888 2785 1966 2818 ra-

258 2860 388 2912 tione
442 2871 735 2933 temporum,
788 2861 1099 2934 explicarunt
1144 2859 1529 2933 Albaspiuaeus„
1575 2859 1823 2927 BalutiuS,
1869 2857 1964 2913 Ca-

260 2954 393 3007 rolus
443 2955 690 3022 lr'reff-uius²3
738 2957 935 3027 aliique.
