2114 3289
378 120 423 196 ἓ.
456 141 641 181 xxvm.
676 142 736 179 DE
766 141 1035 179 Avcronlr.
1069 143 1128 178 ET
1161 142 1254 179 osu
1286 136 1621 180 nnscmp'rmz.
1709 128 1779 180 67

136 249 450 303 communior
491 247 574 315 sit,
619 264 735 301 suos
798 256 964 300 tamen
1023 244 1342 301 adversarios
1399 256 1604 319 experta
1665 258 1739 301 est
1799 246 1864 303 ob

135 360 245 396 eam
306 360 529 409 causam,
591 338 725 412 quod
786 336 1025 395 Pontifex
1086 358 1184 395 non
1245 358 1303 394 ea
1373 351 1534 394 mente
1612 339 1861 411 judicium

132 436 340 509 profert,
384 445 436 488 ut
478 432 569 488 Jus
631 452 815 488 novum
876 435 1164 502 constituat,
1224 433 1311 489 sed
1367 434 1474 504 jam
1535 435 1861 490 constitutum

134 528 368 603 applicet,
430 527 642 601 ideoque
706 547 804 582 non
866 524 1224 597 LegislatoriS,
1271 527 1358 583 sed
1416 528 1601 598 judicis
1662 547 1865 584 munere

128 622 372 693 fungitur.
434 620 546 676 Huc
607 622 802 676 accedit
862 622 1033 690 etiam,
1094 621 1228 694 quod
1288 623 1367 692 jus
1428 624 1557 677 inter
1634 623 1858 696 privatos

128 717 338 785 dictum,
382 718 633 790 privatam
676 716 961 784 utilitatem,
1006 734 1104 771 non
1148 716 1335 770 bonum
1398 717 1654 790 publicum
1704 719 1861 792 respi-

130 812 248 879 ciat,
292 822 338 865 et
381 822 635 885 praeterea
679 810 881 884 publica
925 810 1328 883 promulgatione
1372 823 1556 881 careat,
1601 831 1729 885 quae
1756 811 1856 868 duo

129 903 193 959 ad
237 916 468 960 naturam
512 905 637 975 legis
682 906 902 958 maxime
948 904 1316 960 desiderantur.

208 997 547 1053 Veruntamen
590 1000 641 1053 in
686 998 852 1054 medio
913 998 1085 1054 relicta
1146 1000 1462 1071 quaestione,
1528 1000 1653 1054 illud
1721 1001 1856 1075 apud

130 1111 300 1147 omnes
345 1105 533 1147 certum
577 1104 669 1162 est,
712 1092 949 1167 epistolas
994 1093 1098 1147 sive
1126 1094 1367 1167 rescripta
1401 1092 1667 1149 Pontificis
1694 1095 1855 1166 legem

131 1186 339 1241 dubiam
382 1188 754 1261 interpretantis
796 1185 827 1242 J
833 1206 886 1241 us
913 1205 1176 1242 commune
1212 1190 1532 1256 constituere,
1558 1190 1756 1243 etiamsi
1783 1190 1848 1245 ad

130 1282 379 1353 privatam
423 1282 836 1336 consultationem
868 1280 985 1335 data
1029 1279 1233 1350 fuerint,
1276 1292 1390 1336 tunc
1434 1284 1567 1337 enim
1611 1281 1851 1339 Pontifex

130 1372 460 1445 Legislatoris
502 1394 770 1448 personam
813 1377 959 1445 gerit.
1005 1373 1136 1429 Hinc
1198 1373 1517 1432 Innocentius
1578 1375 1674 1446 III,
1728 1398 1771 1435 c,
1821 1383 1852 1433 9

130 1470 192 1523 cle
234 1479 346 1522 voto
388 1470 459 1523 sic
503 1471 693 1525 statuit:
738 1470 826 1521 Eoe
869 1469 1264 1535 consultatione,
1309 1487 1465 1540 qestam
1507 1471 1578 1524 ad
1636 1472 1855 1543 inquisi-

128 1564 318 1618 tionem
376 1575 519 1618 tuam
577 1582 729 1637 super
785 1565 1045 1635 negotium
1106 1568 1262 1619 Crtcce
1328 1565 1652 1638 siynatorum
1727 1568 1854 1623 olim

125 1659 404 1726 eclidimuS,
447 1658 581 1713 viam
624 1658 860 1713 invenisti
901 1660 971 1713 acl
1014 1659 1146 1714 alias
1188 1661 1528 1731 quaestiones,
1561 1673 1607 1717 et
1648 1676 1848 1730 utrum,

127 1754 266 1824 quod
321 1753 378 1806 in
421 1772 480 1808 ect-
539 1753 759 1821 (licitur,
820 1755 915 1808 Jus
976 1754 1248 1809 constituat
1307 1758 1561 1827 yenerale.
1617 1760 1701 1812 Ad
1761 1759 1851 1813 hoc

126 1847 287 1918 iyz'tur
328 1850 721 1920 respondemuS,
783 1849 922 1920 quod
984 1849 1039 1901 ‘in
1099 1850 1470 1905 consultatione
1529 1863 1706 1906 nostra
1757 1856 1851 1907 Jus

127 1942 316 2000 editur.
360 1942 423 1998 Et
465 1942 779 1999 Justinianus
823 1945 874 1999 in
918 1942 977 2001 L.
1012 1944 1069 2000 Se?
1091 1943 1354 2017 imperiali
1380 1943 1509 2003 Cod.
1539 1946 1599 2001 de
1626 1948 1848 2018 legibus:
1906 1944 1907 1947 ¹

125 2037 431 2110 DefinimuS,
475 2039 657 2111 inquit,
700 2056 900 2092 omnem
944 2042 1326 2111 Imperatorum.
1369 2039 1539 2111 legum
1598 2041 1851 2115 interpr&

126 2130 370 2185 tationem
411 2131 510 2186 sive
554 2132 609 2185 in
653 2132 910 2204 praeibam,
947 2132 1046 2187 sive
1068 2132 1124 2185 in
1160 2132 1402 2206 judiciiS,
1446 2135 1546 2189 sive
1588 2136 1693 2190 olio
1722 2154 1847 2208 quo-

129 2244 341 2297 cumque
384 2227 538 2280 modo
578 2227 792 2299 factam,
836 2238 1007 2283 ratam
1050 2238 1097 2282 et
1136 2227 1481 2284 indubitatam.
1523 2230 1720 2288 haberi.

202 2319 470 2395 Rescripta
530 2323 722 2392 gratiae
765 2342 794 2377 a
837 2322 918 2377 die
977 2322 1125 2377 datae
1185 2325 1286 2378 vim
1345 2337 1588 2395 exerunt,
1640 2345 1701 2380 ex
1744 2345 1844 2399 quo

123 2413 248 2468 illud
309 2418 665 2489 consequitur,
719 2416 853 2489 quod
903 2419 946 2472 si
990 2417 1089 2473 duo
1131 2417 1323 2473 litteras
1368 2418 1433 2473 ad
1476 2419 1610 2474 idem
1655 2420 1841 2474 benefi-

124 2510 258 2564 cium
302 2511 700 2583 impetraverint,
736 2531 799 2566 ex
840 2523 1061 2586 tempore
1099 2511 1266 2582 datae,
1297 2515 1473 2569 ceteris
1503 2514 1730 2587 paribUS,
1758 2514 1837 2584 ju-

124 2601 395 2658 dicandum
429 2605 494 2658 sit
535 2616 642 2660 uter
684 2605 927 2680 praeferri
970 2607 1165 2663 debeat.
1211 2605 1399 2662 Verum
1444 2608 1613 2680 aliqua
1658 2610 1839 2665 rescri-

122 2707 206 2769 pta
247 2700 440 2767 gratiae
482 2700 551 2753 ita
595 2713 884 2774 comparata
928 2713 1060 2771 sunt,
1105 2714 1156 2756 ut
1197 2714 1513 2757 executorem
1557 2703 1835 2775 postulent:

124 2809 222 2862 quo
265 2812 383 2847 casu
416 2813 444 2848 a
478 2805 699 2868 tempore
741 2798 1047 2852 executionis
1094 2799 1318 2867 vigorem
1362 2796 1601 2853 obtinent.
1648 2795 1732 2851 Sic
1777 2818 1839 2852 ex

122 2882 181 2940 L.
229 2888 260 2938 5
293 2883 420 2942 Cod.
451 2888 513 2943 de
543 2900 692 2962 temp.
725 2891 774 2944 in
806 2891 956 2960 integ.
1005 2892 1329 2946 restitutionis
1363 2891 1503 2945 venia
1536 2911 1563 2945 a
1592 2889 1829 2966 Principe
