2114 3289
340 91 454 142 242
526 107 619 142 mc.
647 106 715 142 ιιι.
743 106 790 141 c.
818 104 870 139 11.
901 104 961 138 on
989 88 1145 138 uenus
1172 101 1311 138 Ecca.
1344 102 1552 138 POTEST.
1582 102 1838 139 summus

251 209 538 266 concludit:
591 207 751 263 Verba
783 205 948 276 igitur
973 202 1383 257 contrahentium
1408 204 1629 259 materia
1654 203 1978 259 Sacramenti

249 315 386 371 sunt,
430 304 554 371 sive,
599 312 650 355 ut
698 300 850 355 verba
893 296 949 354 S.
994 297 1225 353 Thomae
1266 298 1447 352 iterum
1491 312 1819 372 usurpemuS,·
1836 308 1977 351 actus

253 399 556 462 eaeterioreS,
585 406 629 449 et
655 395 808 449 verba
836 392 1186 466 exprimentia
1212 409 1504 447 consensum
1547 394 1737 448 directe
1778 392 1977 464 faciunt

250 511 444 547 neacum
488 489 791 561 quemdam,
836 488 924 559 qui
969 498 1037 541 est
1079 490 1469 542 Sacramentum
1511 487 1853 543 matrimonii.

327 585 595 640 Praeterea
651 582 954 638 Benedictus
1016 579 1142 636 XIV
1195 581 1256 636 de
1306 580 1500 650 Synod.
1544 580 1718 638 Dioec.
1765 582 1854 637 lib.
1900 579 1974 636 VI

250 700 360 754 cap.
412 684 479 733 7:
526 678 725 734 Scimus
759 677 1011 750 profectO,
1056 677 1145 745 ait,
1173 693 1270 730 esse
1317 679 1361 730 T
1361 675 1615 746 heoloqoS,
1642 676 1730 746 qui
1773 676 1830 729 in
1872 676 1980 749 ipso

244 773 480 847 fidelium
541 772 875 826 matrimonio
918 781 1233 825 contractu-m
1277 789 1308 824 a
1350 773 1684 827 Sacramenta
1725 769 1801 824 ita
1843 770 1979 825 divi-

250 870 417 936 dunt,
461 879 516 923 ut
558 868 709 922 illum
752 867 962 922 omnino
1005 867 1288 940 perfectum
1346 866 1650 937 quandoque
1712 866 1978 921 consistere

250 965 485 1031 credant,
520 963 646 1034 quin
678 962 749 1016 ad
791 962 1114 1019 Sacramenti
1158 961 1518 1016 eoecellentiam
1552 960 1835 1034 pertinyat.
1878 962 1980 1017 Sed

249 1058 508 1130 quidquid
550 1059 613 1112 sit
657 1058 719 1112 cle
763 1057 856 1112 hac
900 1057 1181 1130 opinione,
1225 1073 1378 1127 quam
1428 1074 1517 1109 nos
1577 1055 1786 1127 quidem
1845 1073 1980 1109 nunc

249 1154 307 1207 in
349 1154 518 1233 meato
562 1154 933 1224 relinquimuS,
979 1170 1038 1207 ea
1080 1163 1210 1206 certe
1252 1151 1414 1204 locum
1461 1150 1661 1204 nullum
1713 1149 1980 1204 vindicare

251 1250 348 1303 sibi
383 1261 544 1322 potest
589 1249 730 1322 apud
774 1267 874 1315 eos,
919 1249 1008 1320 qui
1053 1252 1098 1302 T
1099 1248 1364 1303 rident-ina
1405 1248 1510 1318 leqe
1553 1246 1979 1317 obstringunt-ur:

251 1344 436 1399 etenim
489 1346 579 1416 qui
624 1355 835 1417 praeter
876 1345 1097 1416 formam
1140 1361 1172 1396 a
1214 1361 1261 1397 se
1297 1342 1672 1415 praescriptam
1713 1341 1983 1395 matrimo-

250 1440 396 1494 nium
456 1440 754 1494 contrahere
815 1450 1105 1505 attentant,
1160 1456 1336 1492 eorum
1390 1441 1435 1491 T
1436 1437 1702 1491 ridentina
1743 1435 1981 1506 Synodus

251 1554 355 1589 non
398 1539 788 1591 Sacramentum
832 1534 1015 1600 mocIO,
1060 1534 1148 1587 sed
1189 1544 1504 1587 contractum
1551 1532 1718 1604 ipsum
1767 1530 1981 1584 irritum

252 1630 439 1684 diserte
475 1629 813 1702 pronunciat,
857 1639 1029 1699 atque,
1067 1640 1121 1681 ut
1167 1627 1281 1701 ejus
1322 1627 1484 1681 verbis
1527 1637 1759 1692 utamur,
1788 1642 1868 1679 eos
1908 1624 1980 1678 ad

251 1725 322 1779 sic
365 1723 772 1778 contrahendum
814 1723 1023 1777 omnino
1064 1722 1315 1776 inhabiles
1355 1721 1554 1787 reddit,
1592 1731 1639 1775 et
1680 1718 1982 1794 hujusmodi

251 1830 539 1874 contractus
580 1818 761 1873 irritos
805 1835 903 1873 esse
947 1817 1191 1872 decernit.

1022 1990 1069 2066 g.
1117 1996 1208 2048 64.

425 2131 498 2176 DE
535 2130 739 2176 CAUSIS
777 2130 961 2176 SUPER
996 2128 1386 2175 SPONSALIBUS
1423 2128 1496 2172 ET
1533 2127 1811 2173 DIVORTIO

334 2291 573 2366 Sequitur
613 2311 768 2363 genus
811 2293 1022 2347 alterum
1066 2310 1354 2360 causarum,
1380 2310 1508 2364 quae
1550 2291 1684 2345 circa
1722 2288 1976 2363 sponsalia

256 2399 302 2442 et
362 2388 636 2443 divortium
698 2388 1039 2443 instituuntur.
1101 2389 1220 2440 Jam
1271 2404 1427 2452 verO,
1475 2387 1636 2458 inquit
1679 2382 1976 2438 Benedictus

254 2480 380 2537 XIV
422 2482 483 2536 de
528 2480 722 2552 Synod.
767 2480 941 2536 Dioec.
987 2482 1074 2537 lib.
1121 2480 1197 2535 IX
1238 2501 1348 2555 cap.
1399 2483 1457 2549 1,
1502 2497 1681 2533 causae
1725 2477 1977 2532 excitatae

253 2588 341 2630 aut
402 2594 552 2647 super
611 2575 879 2630 ‘caliditate
940 2575 1290 2646 sponsalium,
1344 2585 1434 2628 aut
1477 2591 1627 2646 super
1663 2572 1789 2646 jure
1832 2571 1979 2626 insti-

252 2669 432 2723 tuendi
495 2668 775 2721 divortium
834 2667 1005 2739 quoad
1062 2667 1266 2720 thorum
1327 2677 1372 2720 et
1433 2664 1857 2720 cohabitationem
1917 2664 1977 2717 ob

255 2762 403 2816 illum
445 2773 747 2835 respectum,
783 2780 931 2833 quem
973 2761 1155 2816 habent
1198 2761 1267 2814 ad
1310 2759 1631 2814 matrimonii
1674 2762 1978 2815 Sacramen-

252 2867 382 2924 tum,
426 2857 496 2912 ad
537 2857 698 2912 solum
734 2856 971 2931 judicem
1015 2855 1405 2912 ecclesiasticum
1447 2854 1750 2927 deferuntur
1768 2875 1792 2925 ,-
1841 2851 1980 2924 quod
