2114 3289
329 112 438 162 200
509 127 601 163 ΠΒ.
628 125 680 161 11.
713 125 757 160 c,
784 124 836 160 Π.
868 125 928 159 DE
956 123 1115 159 Erlsc.
1144 124 1371 167 Eonumo.
1401 125 1509 160 sor..
1540 124 1598 158 Ετ
1626 124 1835 162 orrlcns

316 231 432 288 Jam
494 251 609 287 vero
668 248 766 284 non
827 240 900 285 est
953 227 1333 299 democratiea3
1376 230 1459 285 hic
1502 230 1821 304 turpissimus
1863 228 1957 284 fuit

237 348 380 385 error
421 327 670 395 Richerii‚
698 326 785 398 qui
828 324 1018 395 docuit,
1053 335 1348 398 potestatem
1390 326 1782 381 ecclesiasticam
1824 325 1960 379 chri-

236 424 399 478 stiano
460 420 681 494 popule,
744 420 848 474 sive
910 420 1000 473 toti
1057 417 1314 473 Ecclesiae
1357 420 1555 492 corpori
1599 419 1771 473 datam
1813 437 1957 487 esse,

237 535 384 589 quem
443 532 665 569 errorem
719 514 967 587 superiori
1021 512 1111 568 lib.
1161 515 1212 567 Ξ.
1256 506 1301 583 §-
1350 514 1420 566 13
1466 511 1828 581 refutavimus,
1872 530 1961 566 nec

237 608 449 684 proinde
492 627 693 663 necesse
736 618 809 662 est
850 608 903 662 in
946 607 1095 677 hujus
1140 608 1422 677 argumenti
1459 607 1755 662 tractatione
1782 608 1962 662 iterum

235 703 444 758 versari.
497 700 836 756 Bellarminus
882 700 1088 774 quidem
1131 712 1439 755 controvers,
1485 699 1576 754 lib.
1625 701 1650 751 1
1699 700 1760 755 de
1801 698 1958 755 Rom.

238 796 389 853 Pont.
434 816 546 870 cap.
595 800 626 850 3
674 797 763 865 ait,
806 797 859 850 in
902 795 1066 850 forma
1110 795 1371 864 regiminis
1415 793 1774 862 ecclesiastici,
1816 811 1964 847 suuni

234 891 509 963 quemdam
561 890 618 944 in
671 908 730 943 ea
773 889 939 943 locum
982 889 1165 943 habere
1209 888 1616 954 democratiam,
1662 905 1776 940 cum
1817 906 1963 942 nemo

231 987 297 1041 sit
337 1004 405 1041 ex
447 984 587 1039 omni
630 984 916 1039 christiana
958 982 1317 1050 multitudine,
1353 983 1443 1054 qui
1486 981 1557 1036 ad
1598 980 1964 1054 Episcopatum

233 1079 410 1135 vocari
451 1096 555 1134 non
590 1078 772 1152 possit,
799 1078 842 1132 si
879 1088 1050 1133 tamen
1095 1077 1282 1149 diqnus
1325 1095 1381 1131 eo
1423 1094 1634 1131 munere
1672 1074 1963 1149 judicetur.

237 1174 463 1244 Verum,
525 1186 576 1230 ut
637 1174 872 1229 observat
920 1172 1182 1244 Zallinger
1227 1173 1327 1242 jur.
1371 1171 1492 1227 eccl.
1538 1170 1676 1244 publ.
1722 1163 1768 1240 3.
1817 1172 1966 1240 362„

236 1269 355 1324 huic
415 1268 623 1341 quidem
682 1267 953 1322 assertioni
1011 1267 1182 1338 quoad
1240 1283 1351 1320 rent
1400 1283 1548 1320 nemo
1600 1263 1970 1319 catholicorum

235 1362 388 1436 facile
430 1362 781 1435 refragabitur
801 1383 823 1432 ‚-
868 1362 1041 1432 quoad
1083 1360 1327 1432 loquendi
1370 1359 1620 1427 modum,
1664 1358 1753 1430 qui
1795 1375 1971 1412 secun-

241 1458 367 1512 dum
409 1467 633 1530 receptas
677 1455 739 1510 de
784 1455 1006 1529 Imperii
1048 1456 1218 1528 forma
1260 1455 1490 1509 notiones
1532 1453 1776 1520 disserit,
1820 1469 1971 1524 ae9re

239 1553 512 1625 quisquam
553 1550 873 1606 assentietur.
919 1552 1056 1606 Nam
1100 1549 1467 1621 distinquenda
1510 1558 1579 1602 est
1603 1546 1974 1620 formareipu-

239 1647 400 1701 blicae
437 1664 469 1700 a
510 1645 781 1717 reqiminis
823 1661 911 1699 seu
951 1643 1337 1715 qubernationis
1378 1643 1548 1698 modo,
1594 1642 1653 1698 Si
1696 1640 1808 1712 quis
1852 1642 1972 1694 Rea:

239 1741 386 1812 reqni
431 1740 511 1794 sui
556 1739 719 1812 officia
761 1748 807 1793 et
860 1738 1136 1809 diqnitates
1196 1756 1264 1791 eoe
1322 1754 1485 1808 aequo
1544 1735 1821 1790 distribuat
1872 1751 1971 1806 pro

242 1835 442 1890 meritis
484 1852 543 1888 ac
584 1834 772 1889 virtute
816 1832 1089 1906 cujusque,
1133 1831 1280 1886 nulla
1339 1829 1626 1885 nobilitatis
1667 1829 1842 1884 habita
1883 1846 1970 1883 ra-

238 1933 418 1999 tione,
480 1950 583 1986 non
644 1932 703 1986 ob
764 1930 823 1984 id
883 1929 997 2003 ejus
1049 1946 1266 2000 reynum
1313 1927 1536 1999 formam
1578 1925 1975 1981 democraticum

243 2027 461 2097 induit3
523 2044 650 2097 quae
711 2025 920 2096 quidem
977 2023 1147 2095 forma
1196 2041 1264 2078 ecc
1306 2021 1411 2076 solo
1453 2021 1677 2095 subjecto
1713 2019 1977 2093 potestatis

246 2140 472 2177 summae
517 2122 913 2176 determinatur.

324 2214 502 2290 Neque
563 2216 726 2271 forma
777 2217 1039 2287 regiminis
1093 2215 1420 2270 ecclesiastici
1463 2225 1536 2269 est
1579 2211 1972 2281 aristocratica3

248 2314 364 2368 huic
392 2313 525 2366 enim
555 2312 774 2364 maxime
801 2321 1046 2383 repugnat
1071 2307 1329 2363 Primatus
1358 2309 1566 2363 honoris
1594 2318 1640 2362 et
1665 2305 1976 2377 jurisdictio-

249 2409 327 2461 nis
371 2405 614 2461 divinitus
657 2404 932 2471 institutus„
978 2422 1077 2475 qno
1122 2422 1248 2457 unus
1301 2401 1562 2457 Romanus
1623 2399 1861 2457 Pontifex
1919 2395 1974 2453 S.

251 2500 393 2555 Petri
453 2497 726 2554 Successor
785 2497 1049 2551 universae
1102 2496 1358 2552 Ecclesiae
1412 2508 1625 2569 praeest.
1672 2493 1834 2565 Igitur
1892 2492 1978 2564 qui

252 2614 443 2651 meram
486 2594 855 2649 aristocratiam
907 2593 957 2646 in
1019 2591 1299 2647 Ecclesiam
1360 2592 1619 2660 inducunt,
1674 2588 1978 2645 catholicum

253 2690 439 2760 dogma
491 2687 749 2742 Primatus
810 2687 1014 2742 omnino
1067 2685 1344 2739 destruunt:
1409 2695 1712 2758 quapropter
1765 2681 1978 2736 facultas

262 2784 543 2853 theologica
566 2779 896 2836 Lovaniensis
925 2779 1319 2853 propositionem
1340 2777 1412 2834 M.
1437 2778 1643 2832 Antonii
1664 2775 1724 2830 de
1745 2775 1977 2831 Dominis

254 2877 342 2932 lil).
394 2878 415 2927 1
469 2876 530 2930 dc
575 2895 676 2948 rep.
724 2875 844 2930 eccl.
890 2892 1026 2930 num.
1059 2875 1151 2943 1⁶29
1180 2874 1229 2929 in
1258 2892 1355 2945 qua
1392 2871 1662 2940 asserebat9
1694 2868 1970 2923 Ecclesiam
