2114 3289
621 116 666 191 3.
714 137 844 177 xxx.
891 139 952 177 DE
995 139 1134 178 vrrio
1178 138 1377 178 rnsscuu
1718 125 1781 177 71

140 255 187 299 et
230 244 516 316 ignorantia
561 253 797 299 meretur.
843 241 976 298 Illud
1020 254 1186 299 tamen
1227 242 1467 300 Pontifex
1511 242 1775 300 admonuit
1816 246 1870 300 in

140 341 430 394 executione
455 337 661 406 decreti,
689 356 792 390 non
834 338 1109 391 secundum
1151 338 1374 410 formam
1415 338 1473 392 in
1514 337 1640 410 ipsis
1683 338 1870 393 litteris

138 432 466 506 appositam,
510 432 598 485 sed
639 432 919 485 secundum
954 430 1100 505 juris
1151 432 1389 486 ordinem
1433 432 1864 505 procedendum.-

139 546 237 600 quo
281 526 597 597 significatur
639 526 933 596 hujusmodi
979 525 1176 581 decreta
1221 527 1270 581 in
1316 527 1768 597 stibstantialibuS‚
1816 540 1870 583 ut

138 622 297 691 ajunt,
343 621 654 690 consistere3
698 622 749 675 in
793 620 1000 692 reliquis
1047 633 1210 675 autem
1253 623 1354 692 juri
1386 623 1639 676 communi
1669 640 1867 677 accom-

137 714 392 770 modanda
452 733 594 769 esse:
640 734 719 770 ex,
764 733 842 785 gr.
891 717 933 770 si
975 714 1133 785 judex
1178 715 1435 785 delegatus
1478 715 1665 785 fuerit,
1711 727 1761 770 ut
1805 716 1867 771 de

138 810 286 882 plano
330 820 376 863 et
417 809 750 882 appellatione
795 821 985 865 remota
1037 809 1315 883 procedat,
1365 810 1614 881 delegatio
1675 810 1862 881 judicis

139 903 286 972 valet,
327 903 414 959 sed
456 902 616 973 judici
661 903 1034 976 procedendum
1077 905 1172 958 erit
1213 905 1339 974 juris
1385 904 1561 960 ordine
1605 916 1821 961 servato·

215 995 389 1052 Tertia
433 997 604 1067 regula
647 1009 754 1052 est:
800 997 859 1052 Si
897 1015 991 1069 per
1032 997 1276 1069 falsitatis
1321 998 1741 1070 expressionem³
1784 998 1864 1053 vel

134 1091 542 1163 suppressionem
602 1091 837 1145 veritatis
879 1091 1080 1146 litte-rae
1121 1092 1319 1164 fuerint
1363 1093 1714 1165 impetratae)
1760 1111 1863 1165 qua

138 1185 294 1240 tacita
353 1185 431 1240 vel
491 1204 737 1258 expressa
777 1185 947 1240 nullas
982 1205 1199 1258 prorsus
1240 1186 1437 1240 litteras
1482 1186 1732 1259 Pontifex
1775 1188 1861 1242 de-

136 1280 328 1348 disset,
389 1300 421 1334 α
481 1281 723 1351 Delegato
782 1298 886 1333 non
946 1291 1017 1334 est
1077 1281 1401 1352 aliquatenus
1446 1282 1855 1353 procedendwn.

135 1374 271 1430 Haec
300 1375 471 1446 regula
508 1375 782 1447 superioris
827 1374 1081 1448 appendix
1125 1386 1170 1429 et
1213 1375 1485 1449 explicatio
1529 1387 1619 1432 est.
1665 1374 1860 1443 Quaeri

133 1471 267 1524 enim
326 1480 557 1542 poterat,
620 1467 863 1541 quidnam
923 1468 1291 1540 judicandum⁹
1344 1469 1429 1524 ubi
1484 1470 1741 1545 subreptio
1785 1471 1863 1526 vel

133 1565 399 1638 obreptiO,
460 1565 657 1619 etiamsi
719 1565 1033 1635 ignorantiae
1097 1565 1172 1619 vel
1231 1565 1546 1639 simplicitati
1590 1565 1858 1621 tribuenda

132 1670 280 1728 esset,
310 1670 528 1713 attamen
560 1660 789 1733 rescripti
834 1678 984 1714 causa
1028 1656 1308 1715 extiterat?
1354 1658 1516 1731 Igitur
1558 1662 1857 1735 rescriptum

130 1753 428 1823 hujusmodi
473 1772 678 1827 prorsus
722 1754 921 1808 irritum
967 1754 1255 1808 habendum
1298 1766 1399 1823 est,
1443 1754 1857 1827 quandoquidem

132 1847 392 1903 deficiente
437 1867 607 1917 causa,
635 1867 761 1920 quae
806 1848 870 1903 ad
915 1848 1293 1904 rescribendum
1337 1846 1636 1903 Pontificem
1682 1851 1861 1919 movit,

129 1944 288 2016 ipsius
333 1941 592 2017 Principis
636 1943 863 1997 voluntas
908 1942 1084 2012 defuit,
1127 1962 1189 1997 ex
1233 1962 1331 2015 qua
1374 1944 1732 2016 rescriptorum
1784 1945 1856 2000 vis

128 2039 331 2092 omnino
380 2036 577 2111 pendet.

901 2207 946 2283 5.
996 2215 1087 2269 31.

727 2350 800 2394 DE
840 2349 997 2395 VlTlO
1034 2350 1266 2395 FORMAE

216 2512 389 2567 Tertio
434 2512 633 2567 tandem
679 2513 829 2568 modo
873 2515 1115 2588 rescripta
1158 2515 1302 2568 irrita
1347 2526 1460 2569 sunt
1488 2515 1608 2568 vitio
1638 2512 1852 2583 formae,

136 2608 178 2661 si
222 2609 460 2662 nimirum
504 2609 553 2662 in
597 2627 770 2663 eorum
812 2608 1131 2682 expeditione
1182 2609 1257 2663 vel
1316 2607 1479 2663 desint
1539 2608 1857 2663 characteres

136 2704 377 2773 veritam,
419 2703 493 2757 vel
537 2716 681 2758 notae
724 2704 960 2759 falsitatis
1004 2705 1339 2760 inveniantur.
1383 2702 1624 2758 Veritatis
1669 2704 1847 2758 chara-

133 2808 287 2852 cteres
315 2799 581 2869 habentur,
609 2802 652 2855 si
696 2801 993 2874 rescriptum
1038 2812 1299 2855 exaratum
1343 2801 1407 2853 sit
1449 2799 1724 2854 secundum
1771 2820 1854 2855 eas

131 2895 505 2962 solemnitates,
566 2916 692 2967 quae
754 2916 814 2951 ex
873 2899 982 2967 jure
1036 2908 1079 2950 et
1126 2896 1255 2964 stylo
1300 2893 1482 2949 Curiae
1529 2899 1717 2951 servari
1767 2896 1855 2951 ‹le-
