<?xml version="1.0" encoding="UTF-8"?>
<!DOCTYPE html PUBLIC "-//W3C//DTD XHTML 1.0 Transitional//EN"
    "http://www.w3.org/TR/xhtml1/DTD/xhtml1-transitional.dtd">
<html xmlns="http://www.w3.org/1999/xhtml" xml:lang="en" lang="en">
 <head>
  <title>
</title>
<meta http-equiv="Content-Type" content="text/html;charset=utf-8" />
  <meta name='ocr-system' content='tesseract 3.04.00' />
  <meta name='ocr-capabilities' content='ocr_page ocr_carea ocr_par ocr_line ocrx_word'/>
</head>
<body>
  <div class='ocr_page' id='page_1' title='image "./joanniscardinali00sogl_0313.png"; bbox 0 0 2114 3289; ppageno 0'>
   <div class='ocr_carea' id='block_1_1' title="bbox 372 130 1774 207">
    <p class='ocr_par' dir='ltr' id='par_1_1' title="bbox 372 130 1774 207">
     <span class='ocr_line' id='line_1_1' title="bbox 372 130 1774 207; baseline -0.001 -15"><span class='ocrx_word' id='word_1_1' title='bbox 372 130 416 207; x_wconf 56' lang='grc' dir='ltr'>ὃ.</span> <span class='ocrx_word' id='word_1_2' title='bbox 445 153 614 191; x_wconf 81' lang='lat' dir='ltr'><strong>xxxv.</strong></span> <span class='ocrx_word' id='word_1_3' title='bbox 660 152 720 188; x_wconf 84' lang='lat' dir='ltr'>DE</span> <span class='ocrx_word' id='word_1_4' title='bbox 746 153 868 188; x_wconf 71' lang='lat' dir='ltr'>June</span> <span class='ocrx_word' id='word_1_5' title='bbox 895 151 1216 189; x_wconf 63' lang='lat' dir='ltr'>concamium</span> <span class='ocrx_word' id='word_1_6' title='bbox 1243 152 1601 189; x_wconf 68' lang='lat' dir='ltr'>Exi-:merlonus</span> <span class='ocrx_word' id='word_1_7' title='bbox 1665 136 1774 190; x_wconf 83' lang='lat'>139</span> 
     </span>
    </p>
   </div>
   <div class='ocr_carea' id='block_1_2' title="bbox 124 257 1872 2953">
    <p class='ocr_par' dir='ltr' id='par_1_2' title="bbox 124 257 1860 878">
     <span class='ocr_line' id='line_1_2' title="bbox 124 257 1860 333; baseline -0.002 -18"><span class='ocrx_word' id='word_1_8' title='bbox 124 259 407 333; x_wconf 75' lang='lat' dir='ltr'>privileqia</span> <span class='ocrx_word' id='word_1_9' title='bbox 449 257 688 326; x_wconf 73' lang='lat' dir='ltr'>ecclesiis,</span> <span class='ocrx_word' id='word_1_10' title='bbox 732 257 810 312; x_wconf 83' lang='lat' dir='ltr'><em>vel</em></span> <span class='ocrx_word' id='word_1_11' title='bbox 851 257 1177 313; x_wconf 82' lang='lat' dir='ltr'>monasteriis</span> <span class='ocrx_word' id='word_1_12' title='bbox 1220 257 1491 312; x_wconf 79' lang='lat' dir='ltr'><em>concedere</em></span> <span class='ocrx_word' id='word_1_13' title='bbox 1526 268 1712 330; x_wconf 74' lang='lat' dir='ltr'>potest,</span> <span class='ocrx_word' id='word_1_14' title='bbox 1748 257 1860 328; x_wconf 81' lang='lat' dir='ltr'>qui-</span> 
     </span>
     <span class='ocr_line' id='line_1_3' title="bbox 133 351 1855 426; baseline 0 -18"><span class='ocrx_word' id='word_1_15' title='bbox 133 354 223 408; x_wconf 81' lang='lat' dir='ltr'>bus</span> <span class='ocrx_word' id='word_1_16' title='bbox 265 353 327 408; x_wconf 83' lang='lat' dir='ltr'>ab</span> <span class='ocrx_word' id='word_1_17' title='bbox 369 351 646 407; x_wconf 77' lang='lat' dir='ltr'>ordinaria</span> <span class='ocrx_word' id='word_1_18' title='bbox 683 351 1054 426; x_wconf 78' lang='lat' dir='ltr'>jurisdictione</span> <span class='ocrx_word' id='word_1_19' title='bbox 1115 352 1378 406; x_wconf 75' lang='lat' dir='ltr'>solvantur</span> <span class='ocrx_word' id='word_1_20' title='bbox 1437 361 1482 406; x_wconf 81' lang='lat' dir='ltr'><em>et</em></span> <span class='ocrx_word' id='word_1_21' title='bbox 1534 351 1855 408; x_wconf 69' lang='lat' dir='ltr'>eximantur.</span> 
     </span>
     <span class='ocr_line' id='line_1_4' title="bbox 132 444 1854 521; baseline -0.001 -19"><span class='ocrx_word' id='word_1_22' title='bbox 132 445 276 503; x_wconf 89' lang='lat' dir='ltr'>Sicut</span> <span class='ocrx_word' id='word_1_23' title='bbox 316 447 484 519; x_wconf 90' lang='lat' dir='ltr'>itaque</span> <span class='ocrx_word' id='word_1_24' title='bbox 526 446 579 500; x_wconf 91' lang='lat' dir='ltr'>in</span> <span class='ocrx_word' id='word_1_25' title='bbox 621 458 862 519; x_wconf 83' lang='lat' dir='ltr'><em>potestate</em></span> <span class='ocrx_word' id='word_1_26' title='bbox 904 444 1126 501; x_wconf 89' lang='lat' dir='ltr'>Romani</span> <span class='ocrx_word' id='word_1_27' title='bbox 1168 444 1436 502; x_wconf 87' lang='lat' dir='ltr'>Pontificis</span> <span class='ocrx_word' id='word_1_28' title='bbox 1479 447 1699 521; x_wconf 88' lang='lat' dir='ltr'>positum</span> <span class='ocrx_word' id='word_1_29' title='bbox 1761 457 1854 514; x_wconf 73' lang='lat' dir='ltr'>est,</span> 
     </span>
     <span class='ocr_line' id='line_1_5' title="bbox 131 539 1852 614; baseline -0.002 -20"><span class='ocrx_word' id='word_1_30' title='bbox 131 541 412 614; x_wconf 87' lang='lat' dir='ltr'>portionem</span> <span class='ocrx_word' id='word_1_31' title='bbox 454 540 643 611; x_wconf 79' lang='lat' dir='ltr'>gregiS‚</span> <span class='ocrx_word' id='word_1_32' title='bbox 685 558 765 596; x_wconf 82' lang='lat' dir='ltr'>ex,</span> <span class='ocrx_word' id='word_1_33' title='bbox 809 558 887 610; x_wconf 86' lang='lat' dir='ltr'>gr.</span> <span class='ocrx_word' id='word_1_34' title='bbox 932 539 1195 614; x_wconf 77' lang='lat' dir='ltr'>oppidum,</span> <span class='ocrx_word' id='word_1_35' title='bbox 1255 541 1461 614; x_wconf 88' lang='lat' dir='ltr'>ejusque</span> <span class='ocrx_word' id='word_1_36' title='bbox 1521 540 1712 595; x_wconf 88' lang='lat' dir='ltr'>incolas</span> <span class='ocrx_word' id='word_1_37' title='bbox 1765 539 1852 593; x_wconf 88' lang='lat' dir='ltr'>uni</span> 
     </span>
     <span class='ocr_line' id='line_1_6' title="bbox 132 629 1856 707; baseline 0 -19"><span class='ocrx_word' id='word_1_38' title='bbox 132 629 364 688; x_wconf 88' lang='lat' dir='ltr'>Dioecesi</span> <span class='ocrx_word' id='word_1_39' title='bbox 406 633 720 702; x_wconf 75' lang='lat' dir='ltr'>subtrahere,</span> <span class='ocrx_word' id='word_1_40' title='bbox 747 644 794 688; x_wconf 93' lang='lat' dir='ltr'>et</span> <span class='ocrx_word' id='word_1_41' title='bbox 819 632 964 688; x_wconf 87' lang='lat' dir='ltr'>alteri</span> <span class='ocrx_word' id='word_1_42' title='bbox 995 632 1262 703; x_wconf 76' lang='lat' dir='ltr'>subjicere,</span> <span class='ocrx_word' id='word_1_43' title='bbox 1289 635 1360 688; x_wconf 87' lang='lat' dir='ltr'>sic</span> <span class='ocrx_word' id='word_1_44' title='bbox 1387 634 1569 707; x_wconf 92' lang='lat' dir='ltr'>poterit</span> <span class='ocrx_word' id='word_1_45' title='bbox 1597 633 1856 702; x_wconf 75' lang='lat' dir='ltr'>ecclesiaS,</span> 
     </span>
     <span class='ocr_line' id='line_1_7' title="bbox 132 726 1854 802; baseline -0.001 -19"><span class='ocrx_word' id='word_1_46' title='bbox 132 739 179 783; x_wconf 89' lang='lat' dir='ltr'>et</span> <span class='ocrx_word' id='word_1_47' title='bbox 219 731 544 799; x_wconf 77' lang='lat' dir='ltr'>monasteria,</span> <span class='ocrx_word' id='word_1_48' title='bbox 596 729 648 784; x_wconf 89' lang='lat' dir='ltr'>in</span> <span class='ocrx_word' id='word_1_49' title='bbox 691 728 861 802; x_wconf 87' lang='lat' dir='ltr'>aliqua</span> <span class='ocrx_word' id='word_1_50' title='bbox 913 726 1145 785; x_wconf 89' lang='lat' dir='ltr'>Dioecesi</span> <span class='ocrx_word' id='word_1_51' title='bbox 1188 730 1306 799; x_wconf 74' lang='lat' dir='ltr'>sita,</span> <span class='ocrx_word' id='word_1_52' title='bbox 1349 747 1467 784; x_wconf 89' lang='lat' dir='ltr'>suae</span> <span class='ocrx_word' id='word_1_53' title='bbox 1507 728 1854 799; x_wconf 81' lang='lat' dir='ltr'>jurisdictioni</span> 
     </span>
     <span class='ocr_line' id='line_1_8' title="bbox 137 841 410 878; baseline 0.007 -2"><span class='ocrx_word' id='word_1_54' title='bbox 137 841 410 878; x_wconf 88' lang='lat' dir='ltr'>reservare.</span> 
     </span>
    </p>

    <p class='ocr_par' dir='ltr' id='par_1_3' title="bbox 126 914 1872 2953">
     <span class='ocr_line' id='line_1_9' title="bbox 212 914 1858 990; baseline 0.001 -21"><span class='ocrx_word' id='word_1_55' title='bbox 212 914 571 990; x_wconf 80' lang='lat' dir='ltr'>Exemptiones</span> <span class='ocrx_word' id='word_1_56' title='bbox 616 928 779 971; x_wconf 90' lang='lat' dir='ltr'>autem</span> <span class='ocrx_word' id='word_1_57' title='bbox 822 916 1116 987; x_wconf 86' lang='lat' dir='ltr'>hujusmodi</span> <span class='ocrx_word' id='word_1_58' title='bbox 1161 918 1315 972; x_wconf 87' lang='lat' dir='ltr'>veteri</span> <span class='ocrx_word' id='word_1_59' title='bbox 1349 934 1487 972; x_wconf 89' lang='lat' dir='ltr'>more</span> <span class='ocrx_word' id='word_1_60' title='bbox 1530 916 1858 989; x_wconf 88' lang='lat' dir='ltr'>institutoque</span> 
     </span>
     <span class='ocr_line' id='line_1_10' title="bbox 132 1007 1858 1080; baseline 0 -16"><span class='ocrx_word' id='word_1_61' title='bbox 132 1007 389 1065; x_wconf 81' lang='lat' dir='ltr'><em>Ecclesiae</em></span> <span class='ocrx_word' id='word_1_62' title='bbox 449 1011 690 1067; x_wconf 89' lang='lat' dir='ltr'>nituntur.</span> <span class='ocrx_word' id='word_1_63' title='bbox 752 1009 1085 1066; x_wconf 79' lang='lat' dir='ltr'>patriarchae</span> <span class='ocrx_word' id='word_1_64' title='bbox 1145 1010 1431 1068; x_wconf 87' lang='lat' dir='ltr'>Orientales</span> <span class='ocrx_word' id='word_1_65' title='bbox 1496 1010 1602 1080; x_wconf 87' lang='lat' dir='ltr'>jam</span> <span class='ocrx_word' id='word_1_66' title='bbox 1661 1009 1778 1064; x_wconf 89' lang='lat' dir='ltr'>inde</span> <span class='ocrx_word' id='word_1_67' title='bbox 1830 1029 1858 1064; x_wconf 88' lang='lat' dir='ltr'><em>a</em></span> 
     </span>
     <span class='ocr_line' id='line_1_11' title="bbox 130 1103 1861 1178; baseline -0.001 -19"><span class='ocrx_word' id='word_1_68' title='bbox 130 1105 313 1178; x_wconf 84' lang='lat' dir='ltr'>priscis</span> <span class='ocrx_word' id='word_1_69' title='bbox 356 1103 611 1160; x_wconf 90' lang='lat' dir='ltr'><em>Ecclesiae</em></span> <span class='ocrx_word' id='word_1_70' title='bbox 639 1105 850 1160; x_wconf 89' lang='lat' dir='ltr'>saeculis</span> <span class='ocrx_word' id='word_1_71' title='bbox 882 1124 1012 1160; x_wconf 89' lang='lat' dir='ltr'>nova</span> <span class='ocrx_word' id='word_1_72' title='bbox 1056 1106 1361 1162; x_wconf 85' lang='lat' dir='ltr'>monasteria</span> <span class='ocrx_word' id='word_1_73' title='bbox 1404 1106 1456 1160; x_wconf 94' lang='lat' dir='ltr'>in</span> <span class='ocrx_word' id='word_1_74' title='bbox 1492 1103 1861 1178; x_wconf 88' lang='lat' dir='ltr'>Episcoporum</span> 
     </span>
     <span class='ocr_line' id='line_1_12' title="bbox 129 1196 1864 1272; baseline -0.001 -20"><span class='ocrx_word' id='word_1_75' title='bbox 129 1196 458 1254; x_wconf 88' lang='lat' dir='ltr'>Dioecesibus</span> <span class='ocrx_word' id='word_1_76' title='bbox 519 1198 783 1253; x_wconf 88' lang='lat' dir='ltr'>aedificata</span> <span class='ocrx_word' id='word_1_77' title='bbox 841 1200 952 1269; x_wconf 85' lang='lat' dir='ltr'>jure</span> <span class='ocrx_word' id='word_1_78' title='bbox 994 1198 1324 1272; x_wconf 69' lang='lat' dir='ltr'>Stauropeqii</span> <span class='ocrx_word' id='word_1_79' title='bbox 1377 1198 1704 1253; x_wconf 87' lang='lat' dir='ltr'><em>declarabant</em></span> <span class='ocrx_word' id='word_1_80' title='bbox 1764 1197 1864 1252; x_wconf 88' lang='lat' dir='ltr'>sibi</span> 
     </span>
     <span class='ocr_line' id='line_1_13' title="bbox 132 1289 1864 1366; baseline -0.002 -18"><span class='ocrx_word' id='word_1_81' title='bbox 132 1292 185 1348; x_wconf 89' lang='lat' dir='ltr'>in</span> <span class='ocrx_word' id='word_1_82' title='bbox 228 1303 484 1366; x_wconf 87' lang='lat' dir='ltr'>posterum</span> <span class='ocrx_word' id='word_1_83' title='bbox 529 1292 753 1362; x_wconf 84' lang='lat' dir='ltr'>subjecta</span> <span class='ocrx_word' id='word_1_84' title='bbox 796 1291 921 1348; x_wconf 88' lang='lat' dir='ltr'>fore:</span> <span class='ocrx_word' id='word_1_85' title='bbox 985 1292 1315 1365; x_wconf 86' lang='lat' dir='ltr'>quamobrem</span> <span class='ocrx_word' id='word_1_86' title='bbox 1374 1290 1746 1346; x_wconf 84' lang='lat' dir='ltr'>Thomassinus</span> <span class='ocrx_word' id='word_1_87' title='bbox 1803 1289 1864 1344; x_wconf 87' lang='lat' dir='ltr'>de</span> 
     </span>
     <span class='ocr_line' id='line_1_14' title="bbox 133 1384 1859 1460; baseline 0 -20"><span class='ocrx_word' id='word_1_88' title='bbox 133 1404 264 1442; x_wconf 92' lang='lat' dir='ltr'>nova</span> <span class='ocrx_word' id='word_1_89' title='bbox 308 1396 354 1440; x_wconf 90' lang='lat' dir='ltr'>et</span> <span class='ocrx_word' id='word_1_90' title='bbox 397 1397 492 1442; x_wconf 78' lang='lat' dir='ltr'>vet.</span> <span class='ocrx_word' id='word_1_91' title='bbox 531 1384 669 1442; x_wconf 89' lang='lat' dir='ltr'><em>Eccl.</em></span> <span class='ocrx_word' id='word_1_92' title='bbox 714 1385 985 1460; x_wconf 89' lang='lat' dir='ltr'>disciplina</span> <span class='ocrx_word' id='word_1_93' title='bbox 1028 1386 1216 1459; x_wconf 89' lang='lat' dir='ltr'>part.1</span> <span class='ocrx_word' id='word_1_94' title='bbox 1267 1385 1357 1441; x_wconf 91' lang='lat' dir='ltr'>lib.</span> <span class='ocrx_word' id='word_1_95' title='bbox 1392 1389 1422 1440; x_wconf 88' lang='lat'><strong>3</strong></span> <span class='ocrx_word' id='word_1_96' title='bbox 1470 1403 1582 1458; x_wconf 90' lang='lat' dir='ltr'><em>cap.</em></span> <span class='ocrx_word' id='word_1_97' title='bbox 1621 1384 1687 1438; x_wconf 89' lang='lat'>31</span> <span class='ocrx_word' id='word_1_98' title='bbox 1721 1403 1859 1440; x_wconf 90' lang='lat' dir='ltr'>num.</span> 
     </span>
     <span class='ocr_line' id='line_1_15' title="bbox 138 1477 1872 1551; baseline 0 -18"><span class='ocrx_word' id='word_1_99' title='bbox 138 1482 208 1533; x_wconf 88' lang='lat'>15</span> <span class='ocrx_word' id='word_1_100' title='bbox 254 1479 490 1549; x_wconf 75' lang='lat' dir='ltr'>affirmat,</span> <span class='ocrx_word' id='word_1_101' title='bbox 535 1478 869 1535; x_wconf 90' lang='lat' dir='ltr'>dubitandum</span> <span class='ocrx_word' id='word_1_102' title='bbox 913 1498 1012 1535; x_wconf 92' lang='lat' dir='ltr'>non</span> <span class='ocrx_word' id='word_1_103' title='bbox 1038 1498 1166 1549; x_wconf 77' lang='lat' dir='ltr'>esse,</span> <span class='ocrx_word' id='word_1_104' title='bbox 1202 1479 1331 1550; x_wconf 72' lang='lat' dir='ltr'>quin</span> <span class='ocrx_word' id='word_1_105' title='bbox 1356 1477 1555 1532; x_wconf 84' lang='lat' dir='ltr'>saeculo</span> <span class='ocrx_word' id='word_1_106' title='bbox 1586 1477 1705 1551; x_wconf 81' lang='lat' dir='ltr'>jam</span> <span class='ocrx_word' id='word_1_107' title='bbox 1758 1482 1872 1536; x_wconf 90' lang='lat' dir='ltr'>VII</span> 
     </span>
     <span class='ocr_line' id='line_1_16' title="bbox 133 1572 1867 1646; baseline -0.001 -18"><span class='ocrx_word' id='word_1_108' title='bbox 133 1584 291 1628; x_wconf 80' lang='lat' dir='ltr'>essent</span> <span class='ocrx_word' id='word_1_109' title='bbox 330 1573 389 1628; x_wconf 78' lang='lat' dir='ltr'>in</span> <span class='ocrx_word' id='word_1_110' title='bbox 431 1573 806 1628; x_wconf 78' lang='lat' dir='ltr'>Patriarch-atu</span> <span class='ocrx_word' id='word_1_111' title='bbox 850 1573 1376 1646; x_wconf 77' lang='lat' dir='ltr'>Costantinopolitano</span> <span class='ocrx_word' id='word_1_112' title='bbox 1402 1574 1523 1627; x_wconf 80' lang='lat' dir='ltr'>bene</span> <span class='ocrx_word' id='word_1_113' title='bbox 1559 1572 1724 1627; x_wconf 76' lang='lat' dir='ltr'>multa</span> <span class='ocrx_word' id='word_1_114' title='bbox 1756 1591 1867 1627; x_wconf 90' lang='lat' dir='ltr'>coe-</span> 
     </span>
     <span class='ocr_line' id='line_1_17' title="bbox 131 1666 1859 1742; baseline 0.001 -21"><span class='ocrx_word' id='word_1_115' title='bbox 131 1668 286 1723; x_wconf 77' lang='lat' dir='ltr'>nobia</span> <span class='ocrx_word' id='word_1_116' title='bbox 326 1669 389 1723; x_wconf 83' lang='lat' dir='ltr'>ab</span> <span class='ocrx_word' id='word_1_117' title='bbox 431 1668 804 1742; x_wconf 75' lang='lat' dir='ltr'>Episcoporum</span> <span class='ocrx_word' id='word_1_118' title='bbox 845 1669 1282 1724; x_wconf 77' lang='lat' dir='ltr'>Dioecesanorum</span> <span class='ocrx_word' id='word_1_119' title='bbox 1325 1667 1591 1740; x_wconf 72' lang='lat' dir='ltr'>spirituali</span> <span class='ocrx_word' id='word_1_120' title='bbox 1628 1666 1859 1741; x_wconf 78' lang='lat' dir='ltr'>jurisdi-</span> 
     </span>
     <span class='ocr_line' id='line_1_18' title="bbox 132 1761 1863 1835; baseline 0 -20"><span class='ocrx_word' id='word_1_121' title='bbox 132 1761 294 1817; x_wconf 77' lang='lat' dir='ltr'>ctione</span> <span class='ocrx_word' id='word_1_122' title='bbox 345 1779 560 1835; x_wconf 80' lang='lat' dir='ltr'>prorsus</span> <span class='ocrx_word' id='word_1_123' title='bbox 601 1762 870 1830; x_wconf 73' lang='lat' dir='ltr'>absoluta,</span> <span class='ocrx_word' id='word_1_124' title='bbox 916 1773 962 1817; x_wconf 83' lang='lat' dir='ltr'><em>et</em></span> <span class='ocrx_word' id='word_1_125' title='bbox 1003 1762 1098 1816; x_wconf 78' lang='lat' dir='ltr'>uni</span> <span class='ocrx_word' id='word_1_126' title='bbox 1137 1762 1436 1816; x_wconf 81' lang='lat' dir='ltr'><em>immediate</em></span> <span class='ocrx_word' id='word_1_127' title='bbox 1482 1761 1712 1835; x_wconf 79' lang='lat' dir='ltr'>subjecta</span> <span class='ocrx_word' id='word_1_128' title='bbox 1758 1763 1863 1815; x_wconf 88' lang='lat' dir='ltr'>Pa-</span> 
     </span>
     <span class='ocr_line' id='line_1_19' title="bbox 130 1855 1865 1929; baseline 0 -20"><span class='ocrx_word' id='word_1_129' title='bbox 130 1855 389 1911; x_wconf 80' lang='lat' dir='ltr'>triarchae</span> <span class='ocrx_word' id='word_1_130' title='bbox 433 1856 1036 1929; x_wconf 76' lang='lat' dir='ltr'>ConstantinopolitanO,</span> <span class='ocrx_word' id='word_1_131' title='bbox 1082 1869 1127 1912; x_wconf 76' lang='lat' dir='ltr'>ec</span> <span class='ocrx_word' id='word_1_132' title='bbox 1169 1855 1415 1910; x_wconf 71' lang='lat' dir='ltr'>Eacarclio</span> <span class='ocrx_word' id='word_1_133' title='bbox 1468 1855 1865 1922; x_wconf 72' lang='lat' dir='ltr'>Patriarchali,</span> 
     </span>
     <span class='ocr_line' id='line_1_20' title="bbox 132 1950 1867 2022; baseline -0.001 -18"><span class='ocrx_word' id='word_1_134' title='bbox 132 1967 281 2022; x_wconf 79' lang='lat' dir='ltr'>quem</span> <span class='ocrx_word' id='word_1_135' title='bbox 320 1951 409 2005; x_wconf 79' lang='lat' dir='ltr'>ille</span> <span class='ocrx_word' id='word_1_136' title='bbox 462 1952 533 2005; x_wconf 83' lang='lat' dir='ltr'>ad</span> <span class='ocrx_word' id='word_1_137' title='bbox 581 1950 811 2005; x_wconf 78' lang='lat' dir='ltr'>omnium</span> <span class='ocrx_word' id='word_1_138' title='bbox 869 1951 1302 2006; x_wconf 78' lang='lat' dir='ltr'>monasteriorum</span> <span class='ocrx_word' id='word_1_139' title='bbox 1361 1950 1867 2004; x_wconf 76' lang='lat' dir='ltr'>administrationem</span> 
     </span>
     <span class='ocr_line' id='line_1_21' title="bbox 133 2043 1860 2117; baseline 0 -18"><span class='ocrx_word' id='word_1_140' title='bbox 133 2045 415 2117; x_wconf 75' lang='lat' dir='ltr'>deleqabat.</span> <span class='ocrx_word' id='word_1_141' title='bbox 459 2045 517 2101; x_wconf 93' lang='lat' dir='ltr'>In</span> <span class='ocrx_word' id='word_1_142' title='bbox 563 2044 772 2116; x_wconf 89' lang='lat' dir='ltr'>Synodo</span> <span class='ocrx_word' id='word_1_143' title='bbox 816 2047 969 2101; x_wconf 87' lang='lat' dir='ltr'>etiam</span> <span class='ocrx_word' id='word_1_144' title='bbox 1013 2043 1425 2117; x_wconf 85' lang='lat' dir='ltr'>Carthaginiensi</span> <span class='ocrx_word' id='word_1_145' title='bbox 1472 2045 1566 2100; x_wconf 84' lang='lat' dir='ltr'>sul)</span> <span class='ocrx_word' id='word_1_146' title='bbox 1592 2043 1860 2100; x_wconf 85' lang='lat' dir='ltr'>Bonifacio</span> 
     </span>
     <span class='ocr_line' id='line_1_22' title="bbox 131 2138 1862 2215; baseline -0.001 -20"><span class='ocrx_word' id='word_1_147' title='bbox 131 2138 382 2215; x_wconf 87' lang='lat' dir='ltr'>Episcopo</span> <span class='ocrx_word' id='word_1_148' title='bbox 427 2160 508 2197; x_wconf 89' lang='lat' dir='ltr'>an.</span> <span class='ocrx_word' id='word_1_149' title='bbox 557 2144 672 2195; x_wconf 74' lang='lat'>525</span> <span class='ocrx_word' id='word_1_150' title='bbox 717 2140 851 2215; x_wconf 88' lang='lat' dir='ltr'>apud</span> <span class='ocrx_word' id='word_1_151' title='bbox 895 2139 1158 2195; x_wconf 82' lang='lat' dir='ltr'>Labbeum</span> <span class='ocrx_word' id='word_1_152' title='bbox 1203 2140 1450 2211; x_wconf 65' lang='lat' dir='ltr'>legimus„</span> <span class='ocrx_word' id='word_1_153' title='bbox 1492 2141 1862 2214; x_wconf 79' lang='lat' dir='ltr'>exemptionem</span> 
     </span>
     <span class='ocr_line' id='line_1_23' title="bbox 134 2233 1864 2309; baseline -0.001 -20"><span class='ocrx_word' id='word_1_154' title='bbox 134 2254 162 2289; x_wconf 93' lang='lat' dir='ltr'><em>a</em></span> <span class='ocrx_word' id='word_1_155' title='bbox 204 2234 554 2304; x_wconf 84' lang='lat' dir='ltr'>jurisdictione</span> <span class='ocrx_word' id='word_1_156' title='bbox 597 2233 824 2290; x_wconf 87' lang='lat' dir='ltr'>Liberati</span> <span class='ocrx_word' id='word_1_157' title='bbox 867 2233 1138 2309; x_wconf 76' lang='lat' dir='ltr'>Episcopi,</span> <span class='ocrx_word' id='word_1_158' title='bbox 1191 2235 1513 2306; x_wconf 86' lang='lat' dir='ltr'>quantumvis</span> <span class='ocrx_word' id='word_1_159' title='bbox 1564 2233 1864 2289; x_wconf 87' lang='lat' dir='ltr'>dissentien-</span> 
     </span>
     <span class='ocr_line' id='line_1_24' title="bbox 134 2326 1861 2403; baseline -0.001 -20"><span class='ocrx_word' id='word_1_160' title='bbox 134 2329 235 2398; x_wconf 73' lang='lat' dir='ltr'>tis,</span> <span class='ocrx_word' id='word_1_161' title='bbox 279 2330 584 2386; x_wconf 89' lang='lat' dir='ltr'>monasterio</span> <span class='ocrx_word' id='word_1_162' title='bbox 629 2327 845 2384; x_wconf 85' lang='lat' dir='ltr'>Abbatis</span> <span class='ocrx_word' id='word_1_163' title='bbox 889 2326 1029 2383; x_wconf 90' lang='lat' dir='ltr'>Petri</span> <span class='ocrx_word' id='word_1_164' title='bbox 1072 2348 1361 2384; x_wconf 87' lang='lat' dir='ltr'>concessam</span> <span class='ocrx_word' id='word_1_165' title='bbox 1403 2328 1591 2398; x_wconf 73' lang='lat' dir='ltr'>fuisse,</span> <span class='ocrx_word' id='word_1_166' title='bbox 1652 2328 1861 2403; x_wconf 87' lang='lat' dir='ltr'>prolatis</span> 
     </span>
     <span class='ocr_line' id='line_1_25' title="bbox 130 2422 1864 2498; baseline -0.001 -21"><span class='ocrx_word' id='word_1_167' title='bbox 130 2424 182 2477; x_wconf 91' lang='lat' dir='ltr'>in</span> <span class='ocrx_word' id='word_1_168' title='bbox 244 2423 467 2478; x_wconf 89' lang='lat' dir='ltr'>medium</span> <span class='ocrx_word' id='word_1_169' title='bbox 520 2423 890 2496; x_wconf 88' lang='lat' dir='ltr'>antiquioribus</span> <span class='ocrx_word' id='word_1_170' title='bbox 943 2424 1317 2498; x_wconf 78' lang='lat' dir='ltr'>exemptionum</span> <span class='ocrx_word' id='word_1_171' title='bbox 1360 2423 1734 2490; x_wconf 79' lang='lat' dir='ltr'>monumentis,</span> <span class='ocrx_word' id='word_1_172' title='bbox 1778 2422 1864 2476; x_wconf 91' lang='lat' dir='ltr'>de-</span> 
     </span>
     <span class='ocr_line' id='line_1_26' title="bbox 133 2515 1862 2592; baseline 0 -21"><span class='ocrx_word' id='word_1_173' title='bbox 133 2518 379 2590; x_wconf 88' lang='lat' dir='ltr'>cretisque</span> <span class='ocrx_word' id='word_1_174' title='bbox 423 2515 783 2589; x_wconf 88' lang='lat' dir='ltr'>Synodorum:</span> <span class='ocrx_word' id='word_1_175' title='bbox 829 2520 1002 2589; x_wconf 81' lang='lat' dir='ltr'><em>Neque</em></span> <span class='ocrx_word' id='word_1_176' title='bbox 1047 2517 1206 2584; x_wconf 74' lang='lat' dir='ltr'>enim,</span> <span class='ocrx_word' id='word_1_177' title='bbox 1244 2517 1503 2592; x_wconf 88' lang='lat' dir='ltr'>respondit</span> <span class='ocrx_word' id='word_1_178' title='bbox 1545 2515 1862 2585; x_wconf 74' lang='lat' dir='ltr'>BonifaciuS,</span> 
     </span>
     <span class='ocr_line' id='line_1_27' title="bbox 126 2610 1867 2685; baseline -0.001 -20"><span class='ocrx_word' id='word_1_179' title='bbox 126 2612 410 2683; x_wconf 78' lang='lat' dir='ltr'>poterimus</span> <span class='ocrx_word' id='word_1_180' title='bbox 453 2622 643 2666; x_wconf 79' lang='lat' dir='ltr'>statuta</span> <span class='ocrx_word' id='word_1_181' title='bbox 684 2623 907 2680; x_wconf 61' lang='lat' dir='ltr'>mutarej</span> <span class='ocrx_word' id='word_1_182' title='bbox 938 2630 1066 2684; x_wconf 79' lang='lat' dir='ltr'>quae</span> <span class='ocrx_word' id='word_1_183' title='bbox 1104 2631 1202 2685; x_wconf 81' lang='lat' dir='ltr'>per</span> <span class='ocrx_word' id='word_1_184' title='bbox 1244 2622 1315 2666; x_wconf 84' lang='lat' dir='ltr'>tot</span> <span class='ocrx_word' id='word_1_185' title='bbox 1358 2610 1655 2667; x_wconf 77' lang='lat' dir='ltr'>Sacerdotes</span> <span class='ocrx_word' id='word_1_186' title='bbox 1681 2610 1867 2664; x_wconf 74' lang='lat' dir='ltr'>instin-</span> 
     </span>
     <span class='ocr_line' id='line_1_28' title="bbox 136 2705 1863 2781; baseline 0.001 -24"><span class='ocrx_word' id='word_1_187' title='bbox 136 2715 216 2758; x_wconf 77' lang='lat' dir='ltr'>clu</span> <span class='ocrx_word' id='word_1_188' title='bbox 259 2706 435 2760; x_wconf 80' lang='lat' dir='ltr'>divino</span> <span class='ocrx_word' id='word_1_189' title='bbox 478 2717 677 2762; x_wconf 83' lang='lat' dir='ltr'>servata</span> <span class='ocrx_word' id='word_1_190' title='bbox 719 2718 1015 2764; x_wconf 75' lang='lat' dir='ltr'>noscuntur.</span> <span class='ocrx_word' id='word_1_191' title='bbox 1078 2706 1209 2775; x_wconf 82' lang='lat' dir='ltr'>Quis</span> <span class='ocrx_word' id='word_1_192' title='bbox 1272 2725 1422 2781; x_wconf 88' lang='lat' dir='ltr'>porro</span> <span class='ocrx_word' id='word_1_193' title='bbox 1483 2705 1680 2759; x_wconf 85' lang='lat' dir='ltr'>inficias</span> <span class='ocrx_word' id='word_1_194' title='bbox 1732 2705 1863 2774; x_wconf 79' lang='lat' dir='ltr'>ibit,</span> 
     </span>
     <span class='ocr_line' id='line_1_29' title="bbox 139 2798 1862 2876; baseline 0.002 -24"><span class='ocrx_word' id='word_1_195' title='bbox 139 2798 275 2870; x_wconf 89' lang='lat' dir='ltr'>quod</span> <span class='ocrx_word' id='word_1_196' title='bbox 334 2798 650 2858; x_wconf 87' lang='lat' dir='ltr'>Patriarchis</span> <span class='ocrx_word' id='word_1_197' title='bbox 712 2800 1034 2875; x_wconf 85' lang='lat' dir='ltr'>Synodisque</span> <span class='ocrx_word' id='word_1_198' title='bbox 1078 2799 1477 2876; x_wconf 89' lang='lat' dir='ltr'>provincialibus</span> <span class='ocrx_word' id='word_1_199' title='bbox 1521 2799 1642 2855; x_wconf 90' lang='lat' dir='ltr'>olim</span> <span class='ocrx_word' id='word_1_200' title='bbox 1685 2799 1862 2870; x_wconf 77' lang='lat' dir='ltr'>licuit,</span> 
     </span>
     <span class='ocr_line' id='line_1_30' title="bbox 136 2891 1130 2953; baseline 0.005 -6"><span class='ocrx_word' id='word_1_201' title='bbox 136 2891 188 2947; x_wconf 85' lang='lat' dir='ltr'>id</span> <span class='ocrx_word' id='word_1_202' title='bbox 231 2891 463 2951; x_wconf 89' lang='lat' dir='ltr'>Romano</span> <span class='ocrx_word' id='word_1_203' title='bbox 507 2894 744 2953; x_wconf 85' lang='lat' dir='ltr'>Pontifici</span> <span class='ocrx_word' id='word_1_204' title='bbox 788 2915 888 2953; x_wconf 89' lang='lat' dir='ltr'>non</span> <span class='ocrx_word' id='word_1_205' title='bbox 929 2892 1130 2952; x_wconf 78' lang='lat' dir='ltr'>licere?</span> 
     </span>
    </p>
   </div>
  </div>
 </body>
</html>
