2114 3289
487 105 531 180 ὃ.
561 128 677 165 Lvu.
711 127 770 163 ne
801 127 1146 164 οοιιΕοΤιοΝΕ
1177 125 1416 163 oneooml
1446 125 1504 160 lx
1664 110 1772 163 133

137 253 309 290 omnes
369 253 431 288 ex
490 231 739 286 industria
783 233 1122 304 praeteriens,
1167 250 1292 305 quae
1335 230 1643 304 temporibus
1688 233 1851 286 minus

136 326 542 383 accommodatae
605 326 740 379 visae
801 336 930 379 sunt.
991 323 1240 397 Antiquae
1294 337 1457 380 tamen
1514 322 1853 379 Decretalium

134 422 447 477 collectiones
480 419 622 473 valde
666 419 828 487 utiles,
860 432 905 472 et
948 437 1100 491 prope
1144 421 1453 473 necessariae
1495 430 1609 473 sunt
1651 418 1715 473 ad
1760 437 1846 473 eas

132 514 414 568 Decretales
473 512 859 582 intelligendas,
922 531 1048 584 quae
1099 515 1149 566 in
1193 511 1508 583 Gregoriana
1552 512 1848 567 collectione

136 618 359 681 receptae
419 618 567 675 sunt,
627 618 888 679 propterea
947 605 1082 678 quod
1126 604 1459 675 Raymundus
1503 625 1566 660 ex
1607 618 1850 679 potestate

137 704 235 759 sibi
277 703 408 758 facta
449 702 647 757 inutilia
690 713 736 756 et
779 699 1030 774 superflua
1075 700 1361 770 resecandi,
1408 702 1647 757 nonnulla
1691 704 1858 776 capita

137 799 262 854 adeo
305 797 576 872 praecidit,
621 808 666 851 et
709 797 884 851 mutila
928 797 1073 852 nobis
1116 797 1374 866 exhibuit,
1419 809 1470 852 ut
1512 816 1568 852 ea
1613 799 1706 853 rite
1748 818 1860 872 per-

138 894 237 966 cipi
297 903 579 964 nequeant,
641 893 739 945 nisi
800 892 851 945 in
912 892 1132 964 antiquis
1187 891 1564 947 collectionibus
1610 893 1856 963 integram

139 986 451 1041 Decretalem
496 985 829 1059 perlegamus.

218 1079 274 1134 In
336 1078 614 1149 allegandis
680 1079 928 1152 capitibus
990 1077 1329 1134 Decretalium
1384 1077 1620 1150 Gregorii
1668 1079 1744 1135 IX
1785 1083 1861 1136 in-

141 1174 373 1229 dicantur
417 1173 491 1228 vel
535 1174 699 1246 prima
755 1172 905 1227 verba
966 1174 1166 1246 capitiS,
1228 1192 1307 1229 ex,
1352 1192 1429 1243 gr.
1475 1192 1589 1245 cap.
1643 1180 1862 1230 Venera-

138 1269 289 1322 bilem,
333 1268 394 1321 cle
436 1266 599 1332 elect„
647 1267 721 1320 vel
764 1286 998 1321 numerus
1060 1267 1258 1339 capitiS,
1304 1269 1376 1321 uti
1420 1285 1530 1338 cap.
1577 1271 1615 1322 I
1651 1268 1712 1321 de
1756 1270 1863 1323 Cle-

140 1363 260 1416 ricis
304 1360 534 1434 conjnq„
580 1360 653 1414 vel
697 1362 862 1434 prima
907 1359 1057 1414 verba
1102 1361 1281 1432 capitis
1326 1372 1371 1414 et
1414 1361 1563 1415 simul
1626 1380 1861 1418 numerus

142 1456 236 1511 hoc
289 1454 458 1524 modo,
502 1472 614 1526 cup,
666 1457 781 1508 Tua
839 1471 930 1507 nos
975 1458 1044 1508 26
1090 1454 1151 1507 cle
1212 1454 1448 1526 Sponsal.
1503 1465 1549 1509 et
1611 1458 1774 1513 Matr.
1817 1455 1863 1511 A

141 1549 446 1624 quibusdam
509 1546 798 1604 Canonistis
861 1548 982 1603 addi
1044 1549 1167 1604 solet
1223 1548 1522 1604 vocabulum
1567 1561 1723 1605 extra
1781 1570 1860 1607 ex,

142 1663 220 1715 gr.
272 1662 381 1716 cop.
429 1646 555 1698 Cum
586 1642 792 1714 pridem.
835 1643 897 1696 de
946 1642 1116 1696 Paetis
1161 1653 1336 1708 eoetra,
1380 1654 1431 1697 ut
1473 1663 1648 1718 nempe
1709 1646 1865 1716 signi-

142 1740 317 1793 ficetur
357 1749 505 1812 caput
546 1736 673 1791 illud
715 1749 856 1792 extra
901 1735 1134 1792 Gratiani
1178 1736 1445 1791 Decretum
1491 1740 1719 1811 reperiri.
1761 1738 1862 1795 Sed

140 1834 263 1888 haec
307 1831 561 1903 allegandi
605 1832 733 1886 ratio
776 1833 827 1886 in
870 1831 1247 1886 desuetudinem
1292 1829 1393 1885 fere
1437 1831 1580 1887 abiit.

918 2001 963 2077 S.
1011 2009 1102 2061 58.

350 2143 421 2187 DE
461 2142 650 2188 SEXTO
686 2141 1115 2194 DECRETALIUM,
1153 2141 1225 2185 DE
1265 2140 1659 2187 CLEMENTlNlS

662 2250 735 2294 ET
771 2248 1331 2295 EXTRAVAGANTIBUS

223 2398 349 2455 Post
390 2398 552 2454 editas
597 2396 937 2468 Gregorianas
982 2397 1286 2467 Decretales,
1331 2417 1442 2453 cum
1488 2417 1646 2453 novae
1689 2418 1715 2452 a
1757 2395 1860 2453 Ro-

142 2496 304 2548 manis
349 2492 681 2548 Pontificibus
712 2491 995 2547 Decretales
1041 2492 1364 2565 prodiissent,
1408 2504 1454 2547 et
1485 2490 1713 2547 Concilia
1758 2492 1856 2547 duo

142 2584 497 2658 Lugdunensia
542 2587 634 2642 sub
679 2585 968 2641 Innocentio
1017 2585 1108 2655 lV,
1136 2599 1180 2640 et
1224 2585 1472 2657 Gregorio
1516 2583 1565 2638 X
1608 2585 1856 2641 celebrata

143 2683 322 2736 multos
367 2700 578 2736 canones
640 2680 1002 2749 condidissent,
1062 2679 1354 2736 Bonifacius
1400 2677 1526 2732 Vlll
1569 2698 1630 2733 ex
1674 2680 1855 2734 iisdem

144 2771 484 2829 Decretalibus
529 2786 574 2828 et
617 2774 892 2829 canonibus
937 2793 1117 2830 novam
1180 2774 1520 2828 collectionem
1583 2771 1855 2829 ordinavit.

145 2865 282 2921 Haec
329 2886 425 2923 non
468 2887 608 2924 secus
653 2881 798 2940 atque
842 2865 1156 2938 Gregoriana
1200 2867 1418 2938 quinque
1479 2866 1645 2935 libris,
1688 2878 1734 2921 et
1775 2886 1857 2923 eo-

1311 2959 1418 3012 10*
