2114 3289
328 131 438 181 1'20
487 146 579 182 un.
601 145 653 180 11.
678 144 723 179 C.
751 143 784 177 1.
817 141 876 176 DE
908 141 955 175 R.
983 138 1244 175 Ponrlrice
1272 137 1442 181 EJusQ.
1474 138 1809 174 ammonicus

245 261 603 318 monumenta3
669 261 837 299 verum
898 260 994 296 non
1052 253 1124 296 est
1168 259 1348 314 operae
1392 242 1607 314 pretium
1651 242 1704 295 in
1747 259 1814 317 re=
1842 239 1966 295 adeo

244 346 504 419 explorata
549 340 736 394 diutius
779 336 1061 391 immorari.

328 438 479 494 Hisce
544 452 659 488 vero
721 414 1327 486 excommunicationibus
1391 429 1533 483 valde
1593 428 1816 484 infensus
1876 425 1970 482 fuit

247 530 595 590 Godscalchus
641 523 996 581 Rosemundus
1039 521 1333 593 Theologus
1378 520 1731 592 LovaniensiS‚
1757 523 1843 595 qui
1885 540 1969 576 eas

244 625 435 682 censuit
478 622 590 696 plus
637 620 818 674 noxias
862 637 989 686 esse,
1017 635 1168 690 quam
1212 615 1379 685 utiles,
1415 616 1723 690 proindeque
1765 633 1969 690 prorsus

244 716 529 785 tollenda53
572 715 624 770 in
668 733 758 769 suo
803 710 1172 784 Confessionali
1217 730 1328 784 cap.
1362 713 1453 766 20.
1491 711 1560 764 ita
1604 710 1813 765 scribit:
1861 710 1972 762 Ea?-

236 811 451 885 pediens
503 819 621 863 esset
631 850 652 875 2
697 817 754 862 nt
794 823 964 861 omnes
1008 804 1559 860 eoecommunicationes
1601 803 1734 858 latae
1777 814 1972 858 senten-

241 907 343 961 tiae
387 904 445 959 in
485 905 613 957 Jure
656 901 734 957 vel
777 900 994 972 Statntis
1038 910 1331 965 contentae,
1375 916 1598 970 quarum
1640 915 1760 951 usus
1799 897 1973 950 nullus

243 1013 350 1069 est,
394 1010 485 1056 aut
518 999 638 1073 plus
681 999 844 1064 obest,
889 1015 1042 1068 qnam
1077 997 1321 1069 prodest,
1368 1011 1609 1066 eoepressa
1651 993 1968 1048 revocatione

243 1104 565 1151 cassarentur
617 1093 674 1147 in
725 1091 1019 1145 Provinciis
1063 1101 1107 1144 et
1151 1088 1515 1155 DioecesibitS,
1560 1098 1606 1142 et
1646 1088 1704 1141 in
1746 1087 1974 1141 Ecclesia

242 1190 503 1245 universa.
549 1186 872 1261 Quapropter
918 1184 1220 1240 Benedictus
1264 1181 1409 1238 XIV.
1458 1183 1518 1237 de
1561 1181 1755 1253 Synod.
1799 1180 1974 1236 Dioec.

244 1286 336 1341 lib.
380 1283 431 1339 X
474 1303 584 1356 cap.
635 1283 717 1349 1.‚
764 1280 1110 1352 antiquissimi
1155 1278 1444 1333 earumdem
1497 1277 1976 1333 excommunicatio-

248 1399 388 1448 num,
432 1390 478 1433 et
522 1376 794 1432 constantis
840 1376 891 1429 in
934 1373 1161 1428 Ecclesia
1217 1392 1333 1427 usus
1378 1374 1570 1430 ratione
1613 1371 1810 1439 habita,
1853 1370 1973 1424 ltaec

248 1471 551 1529 Godscalclzi
603 1469 849 1533 assertiO,
895 1469 1092 1540 inquit,
1136 1484 1238 1537 qnia
1273 1478 1423 1538 parte
1467 1483 1638 1520 omnes
1682 1483 1976 1520 eoecommu-

245 1569 528 1623 nicationes
579 1565 712 1619 latae
763 1561 1040 1616 sententiae
1083 1572 1329 1632 tanquam
1364 1560 1682 1632 perniciosas
1724 1559 1888 1614 deleri
1931 1570 1975 1612 et

246 1660 489 1733 abrogari
550 1658 737 1724 vellet,
792 1656 975 1710 audax
1028 1668 1134 1721 est,
1179 1672 1496 1709 commanem
1540 1654 1677 1708 enim
1719 1653 1976 1708 Ecclesiae

245 1758 392 1810 usam
435 1754 737 1808 condemnat
783 1763 826 1806 et
871 1749 1134 1816 Concilia,
1179 1753 1413 1806 Summos
1457 1748 1752 1822 Pontifice3‚
1780 1766 1974 1803 omnes-

247 1872 342 1925 que
387 1850 734 1905 Ecclesiarnm
778 1847 1049 1902 Praesules
1091 1845 1240 1900 tacite
1285 1845 1467 1917 carpit.
1514 1843 1616 1900 Sed
1661 1864 1758 1900 non
1793 1845 1976 1913 minus,

248 1949 404 2003 immo
465 1964 581 2000 vero
627 1943 782 1998 multo
827 1944 978 1997 etiam
1023 1942 1186 2012 magis
1233 1939 1401 1994 audax
1445 1937 1770 1994 pistoriensis
1815 1936 1978 2009 Syno-

248 2042 343 2096 dus
387 2041 571 2107 extitit,
606 2057 734 2111 quae
777 2057 876 2093 non
919 2037 1171 2091 dubitavit
1212 2054 1452 2103 asserere,
1495 2033 1835 2087 necessarium
1879 2050 1977 2086 esse

243 2137 409 2209 juxta
451 2133 584 2204 leges
623 2131 885 2185 naturales
928 2142 973 2185 et
1016 2130 1242 2196 clivinaS,
1279 2139 1335 2183 nt
1377 2129 1477 2182 sive
1521 2128 1591 2182 acl
1627 2127 1979 2182 eoecommuni-

250 2230 539 2293 cationem,
601 2226 701 2280 sive
752 2226 822 2279 acl
869 2225 1245 2298 suspensionem
1283 2223 1589 2296 praecedere
1633 2222 1810 2276 debeat
1853 2239 1979 2276 eaca-

249 2341 365 2378 men
400 2320 712 2395 personale,
757 2332 906 2391 atque
949 2320 1078 2374 acleo
1122 2318 1391 2374 sententias
1435 2317 1597 2371 dictas
1647 2335 1764 2372 IPSO
1815 2334 1978 2371 FAcro

251 2437 353 2472 non
413 2417 575 2471 aliam
632 2415 736 2468 vim
797 2414 1019 2480 habere,
1063 2414 1165 2467 nisi
1208 2413 1371 2467 seriae
1415 2411 1827 2466 comminationis
1868 2410 1975 2464 sine

252 2512 358 2566 ullo
401 2510 593 2566 actuali
637 2508 832 2584 effectu.
896 2506 991 2563 Cui
1036 2509 1369 2582 propositioni
1413 2526 1501 2580 per
1553 2504 1975 2562 Constitutionem

254 2608 595 2677 dogmaticam
625 2609 893 2658 Auctorem
916 2603 1040 2675 fidei
1085 2603 1206 2656 haec
1251 2613 1367 2655 nota
1412 2603 1576 2656 inusta
1621 2599 1748 2654 fuit:
1798 2597 1973 2668 Falsa,

253 2700 566 2766 temeraria,
607 2699 898 2771 perniciosa
955 2695 1208 2750 Ecclesiae
1264 2696 1526 2767 potestati,
1570 2692 1852 2765 injuriosa,
1899 2710 1975 2746 er-

254 2813 429 2850 ronea.
495 2793 1049 2849 Excommunicationes
1116 2809 1230 2845 vero
1275 2790 1403 2844 latae
1447 2788 1716 2843 sententiae
1761 2788 1973 2857 injustas

258 2891 490 2960 omnique
554 2888 727 2943 effectu
787 2899 1007 2943 carentes
1069 2906 1124 2941 ca
1174 2884 1410 2955 Synodus
1454 2884 1680 2950 notavit,
1724 2882 1841 2953 quia
1885 2900 1975 2954 pro
