2114 3289
341 58 452 108 262
523 75 616 110 Lm.
636 74 707 109 111.
735 73 781 108 a.
810 72 862 108 11.
895 72 952 107 DE
981 71 1138 107 minvs
1166 72 1306 108 ECCL.
1337 73 1544 109 Po'rEST.
1573 74 1830 112 SUBJECTIS

246 177 437 224 brorum
473 175 742 240 aequantia.
781 173 986 220 Henrico
1021 175 1098 220 111
1129 175 1301 222 Siaetus
1341 176 1382 223 V
1406 177 1626 237 permisit
1661 177 1977 226 venditionem

243 259 496 319 fundorum
533 256 950 304 ecclesiasticorum
985 255 1047 301 ad
1081 262 1262 302 centum
1298 255 1425 303 mille
1462 257 1757 320 philippaeos
1801 260 1982 317 reditu-s

246 342 418 397 annui,
457 340 562 385 licet
586 336 743 384 Clerus
771 336 878 398 jam
915 352 964 382 eo
999 353 1124 383 anno
1159 337 1431 384 contulisset
1465 340 1576 385 auri
1611 339 1759 386 decies
1789 349 1981 388 centena

246 423 397 468 millia
434 428 475 466 et
509 418 728 479 amplius
768 417 895 473 Ouid
931 418 1161 465 Ecclesiae
1198 425 1239 464 et
1272 419 1592 467 Ecclesiastici
1627 420 1688 466 ad
1722 422 1980 469 utilitatem

242 502 524 563 reipublicae
555 500 886 561 praestiterint
909 498 1110 545 subsidii
1144 499 1217 545 his
1239 500 1416 546 nostris
1452 502 1732 562 temporibus
1749 518 1835 564 per
1857 503 1982 549 dona

239 584 450 644 yratuito
488 590 583 628 tum
621 582 673 626 in
711 580 869 627 Gallia
907 588 949 627 et
985 582 1247 642 Hispania,
1281 589 1376 627 tum
1414 582 1466 626 in
1503 583 1697 629 Ait-stria
1734 592 1775 630 et
1812 585 1976 643 ltalia,

242 672 409 711 esctant
457 662 723 708 illustriora
771 661 1075 718 documenta,
1125 678 1259 724 quam
1310 671 1361 708 ut
1409 662 1675 709 adversarii
1725 665 1978 712 lamentari

235 746 437 807 possint,
473 760 616 790 onera
652 744 935 805 reipublicae
972 745 1083 789 solis
1118 744 1379 791 incumbere
1417 744 1569 790 laicis.
1605 746 1757 807 Neque
1793 747 1978 807 neqabit

240 826 491 887 Pontiseoe,
527 833 758 886 premente
795 825 1077 886 reipublicae
1110 826 1403 882 necessitate,
1429 842 1477 871 ea
1514 825 1757 886 praesidia
1793 843 1812 873 e
1845 828 1975 873 bonis

239 909 471 954 Ecclesiae
507 907 777 966 inferioris,
816 921 931 966 quae
968 906 1167 951 eontulit
1203 923 1223 952 e
1256 906 1592 968 qazopliylacio
1617 907 1849 953 Ecclesiae
1885 911 1977 954 Ro-

240 1005 420 1035 manae.
461 988 618 1049 Refert
642 987 816 1033 Auctor
843 988 1033 1033 Thealri
1070 988 1306 1048 Europaei
1341 988 1599 1033 aclannuin
1645 989 1763 1035 1683
1804 991 1829 1035 7
1858 990 1972 1049 Auq.

242 1070 560 1116 Innocentium
598 1071 669 1115 XI
702 1069 981 1130 Imperatori
1018 1069 1282 1115 submisisse
1319 1077 1388 1114 ter
1437 1077 1621 1115 centuni
1669 1069 1794 1114 mille
1843 1085 1976 1115 coro-

237 1161 392 1209 natos7
430 1152 592 1198 (uldila
630 1153 923 1213 amplissima
960 1151 1185 1211 facultate
1221 1166 1283 1197 ea:
1321 1152 1437 1213 ipsis
1474 1152 1656 1212 templis
1690 1167 1802 1197 rasa
1839 1167 1975 1200 sacra

235 1243 275 1280 et
313 1235 494 1280 cimelia
534 1233 594 1278 ad
630 1249 761 1279 usum
801 1233 908 1279 belli
948 1233 1135 1279 Turcici
1171 1234 1222 1278 in
1260 1241 1464 1279 monetas
1500 1233 1757 1297 conflandi.

305 1318 415 1362 Vide
455 1318 594 1361 etiam
631 1317 826 1361 Joannis
865 1316 1064 1372 Philippi
1112 1316 1275 1360 Halian
1329 1317 1708 1361 dissertationem
1748 1350 1781 1371 ,,
1823 1316 1886 1360 De
1924 1330 1973 1360 eo

235 1396 354 1458 quod
382 1399 567 1458 justum
606 1403 669 1442 est
706 1397 831 1442 circa
857 1395 1077 1441 bonorum
1118 1396 1422 1441 immobilium
1460 1394 1521 1440 acl
1555 1411 1721 1441 manus
1766 1404 1974 1441 mortuas

236 1479 594 1524 translationem
634 1513 666 1532 ,‚
705 1485 750 1523 et
798 1479 857 1522 La
911 1479 1050 1524 Croix
1102 1479 1261 1523 Theoi.
1303 1478 1464 1523 Moral.
1506 1479 1538 1522 l.
1579 1478 1625 1521 4.
1663 1491 1709 1522 n.
1755 1478 1896 1532 1390,
1948 1491 1973 1523 a

236 1562 406 1617 quibus
441 1561 750 1617 designantur
788 1567 1022 1614 auctores,
1049 1560 1127 1616 qui
1168 1560 1215 1603 in
1255 1566 1497 1617 utramque
1535 1561 1817 1604 sententiam
1855 1560 1974 1604 scri-

236 1649 444 1699 pserunt.

1004 1786 1048 1861 5.
1099 1793 1190 1845 69.

778 1927 849 1972 DE
889 1926 1060 1971 BONIS
1099 1926 1425 1979 ACQUISlTlS

320 2075 465 2143 Quae
510 2077 748 2130 hactenns
794 2075 927 2129 dicta
974 2086 1105 2142 sunt9
1149 2094 1205 2128 ea
1249 2077 1495 2148 pertinent
1523 2075 1586 2129 ad
1615 2075 1745 2130 hona
1790 2074 1962 2148 acqui-

241 2171 415 2241 renda3
463 2171 709 2242 reliquum
754 2181 846 2238 est„
891 2181 941 2222 ut
984 2169 1045 2223 de
1089 2170 1233 2223 bonis
1279 2169 1342 2223 ab
1387 2169 1612 2225 Ecclesia
1654 2171 1759 2240 jam
1787 2172 1958 2242 acqui-

239 2267 348 2320 sitis
426 2264 621 2337 aliquid
683 2264 929 2320 dicamus.
991 2263 1105 2318 Jam
1170 2283 1284 2318 vero
1348 2283 1491 2318 nemo
1553 2284 1672 2319 sane
1726 2264 1957 2318 dubitare

237 2373 415 2434 potest,
443 2361 561 2432 quin
596 2358 821 2413 Ecclesia
849 2371 893 2412 et
922 2358 1056 2414 Loca
1092 2357 1187 2413 Pia
1232 2378 1436 2414 suarum
1474 2378 1638 2414 rerum
1674 2359 1954 2414 dominium

236 2455 471 2510 habeant.
501 2453 606 2521 Qui
634 2455 765 2508 enim
810 2453 997 2508 eisdem
1029 2474 1116 2508 sua
1154 2454 1284 2509 hona
1316 2453 1647 2523 tradiderunt,
1676 2455 1711 2507 ii
1747 2452 1951 2526 quidem

235 2548 566 2604 transferendi
611 2548 823 2603 dominii
866 2548 946 2617 jus
990 2548 1262 2617 habebant3
1291 2560 1336 2602 et
1364 2548 1487 2602 illud
1539 2550 1589 2603 in
1623 2567 1705 2602 eos
1734 2559 1948 2602 transtu-

232 2646 412 2712 lerunt,
457 2646 542 2716 qni
587 2643 935 2715 acquisitionis
982 2654 1027 2696 et
1072 2642 1285 2696 dominii
1331 2662 1539 2715 capaces
1575 2654 1731 2697 erant.
1760 2640 1948 2698 Valida

236 2759 353 2809 ergo
398 2751 441 2793 et
487 2739 711 2807 legitima
758 2737 850 2791 snit
893 2756 1064 2792 eorum
1092 2737 1336 2792 honorum
1364 2737 1569 2792 traditio
1606 2748 1651 2790 et
1677 2740 1949 2809 possessio,

235 2835 445 2906 ideoque
488 2833 769 2887 dominium
813 2844 857 2886 et
901 2833 1179 2904 proprietas
1225 2832 1275 2886 in
1319 2830 1570 2886 Ecclesias
1614 2843 1659 2885 ct
1686 2829 1820 2886 Loca
1850 2830 1943 2886 Pia
