2114 3289
350 97 462 149 186
536 114 628 150 uss.
657 113 708 149 11.
741 112 787 148 c.
816 111 867 147 ιι.
898 110 958 146 ne
985 100 1144 145 ausc,
1174 110 1404 153 sommo.
1432 111 1540 146 son.
1572 110 1631 143 ET
1659 110 1866 147 oFqus

261 220 389 274 laris
433 220 585 275 etiam
629 218 685 272 in
734 214 974 269 Ecclesiis
1015 231 1225 268 suorum
1267 215 1559 283 Ordinum,
1610 214 1986 269 contradicente

258 314 530 387 Episcopoj
567 310 877 384 praedicare
915 318 1232 381 praesumat.

339 407 604 462 Praeterea
648 424 707 460 ne
750 403 980 459 doctrina
1024 403 1273 459 catholica
1294 401 1435 458 falsis
1479 404 1822 478 opinionibus,
1849 422 1987 458 erro-

260 503 497 573 ribusque
540 499 859 573 depravetur,
903 498 1122 552 officium
1165 495 1406 571 Episcopi
1448 508 1521 551 est
1547 497 1814 568 diligenter
1857 498 1985 567 vigi-

260 598 382 663 lare,
427 613 486 648 ne
528 592 651 666 quid
713 592 832 647 fidei
891 610 1187 664 morumque
1248 590 1547 665 disciplinae
1608 591 1874 647 adversum
1934 591 1988 645 in

257 689 445 745 scholis
503 688 714 762 privatis
777 686 853 741 vel
895 686 1110 760 publicis
1154 684 1400 741 tradatur.
1446 681 1528 739 Ad
1570 685 1798 740 eumdem
1866 684 1987 758 Epi-

258 802 466 858 scopum
547 793 735 856 spectat
794 782 845 835 in
924 780 1210 835 seminariis
1276 789 1323 832 et
1383 778 1610 850 collegiis
1671 777 1984 836 Clericorum

262 878 532 948 magistros
576 876 862 946 designare,
906 885 989 930 aut
1033 873 1336 948 approbare,
1398 891 1555 945 eaque
1615 872 1985 946 praescribere,

262 991 388 1046 quae
432 971 496 1026 ab
539 973 662 1045 ipsis
707 971 964 1040 magistris
1025 968 1318 1024 doceantur.
1378 964 1587 1024 Nemini
1632 986 1829 1040 quoque
1879 967 1995 1022 licet

263 1067 450 1122 librum
530 1065 770 1138 aliquem,
847 1064 952 1118 sive
1013 1062 1166 1117 aliam
1250 1081 1618 1135 quamcumque
1688 1063 1988 1135 scripturam

258 1161 558 1233 imprimere
602 1158 679 1213 vel
721 1157 956 1230 impr-imi
997 1157 1188 1230 facere,
1233 1169 1286 1211 ut
1329 1158 1398 1211 ait
1458 1153 1742 1212 Concilium
1784 1153 1991 1210 Latera-

263 1275 412 1310 nense
466 1254 513 1308 V
573 1273 697 1309 sess.
763 1254 834 1306 10
896 1253 994 1306 nisi
1054 1253 1194 1326 prius
1256 1251 1509 1326 Epicopus
1570 1251 1758 1306 librum
1819 1253 1986 1325 ipsum

262 1349 594 1424 expenderit)
653 1349 859 1420 ejusque
918 1347 1100 1402 edendi
1180 1347 1377 1401 veniam
1448 1346 1649 1420 scriptis
1726 1357 1986 1400 exaratam

259 1444 472 1499 dederit.
517 1442 743 1516 Denique
786 1440 1154 1516 Episcoporum
1197 1453 1289 1509 est,
1340 1460 1401 1496 ex
1436 1439 1736 1495 Tridentina
1775 1439 1986 1510 Synodo

260 1559 382 1595 sess.
431 1541 504 1591 ⁶24
546 1557 655 1611 cap.
704 1541 733 1591 3
781 1536 843 1591 de
885 1535 1113 1605 reform„
1157 1554 1337 1590 sanam
1379 1535 1821 1606 orthodoxamque
1872 1534 1989 1588 doc-

255 1634 449 1687 trinam
495 1631 723 1704 eoepulsis
765 1630 1055 1684 haeresibus
1096 1631 1360 1687 inducere.

338 1727 438 1783 Sed
482 1726 761 1801 Episcopus
806 1727 977 1798 nequit
1019 1727 1335 1798 quaestiones
1380 1724 1444 1779 ad
1507 1724 1625 1780 fidei
1688 1743 1988 1797 morumque

260 1822 543 1877 doctrinam
588 1823 887 1895 pertinentes
933 1819 1160 1875 definire.
1190 1818 1244 1873 In
1290 1820 1419 1875 hanc
1446 1821 1740 1875 sententiam
1770 1817 1989 1874 Joannes

261 1915 536 1972 Gersonius
580 1916 641 1970 de
685 1917 916 1970 examine
959 1914 1305 1969 doctrinarum
1349 1913 1543 1970 consid.
1592 1918 1623 1968 3
1653 1914 1775 1968 haec
1802 1914 1980 1968 habet:

259 2010 480 2081 Aliquae
524 2020 639 2063 sunt
683 2009 948 2063 doctrinae
1002 2009 1181 2080 palam
1242 2007 1527 2062 haereticae
1588 2007 1730 2080 apud
1790 2024 1985 2076 omnes,-

260 2105 396 2158 aliae
442 2104 628 2158 (tubiae
671 2103 1013 2176 simplicibus‚
1075 2103 1163 2157 sed
1220 2103 1521 2175 manifestae
1583 2102 1894 2175 sapientibus
1948 2111 1993 2155 et

253 2199 464 2272 peritis3
509 2199 688 2251 tertiae
732 2198 889 2252 relati
931 2210 1142 2252 neutrae
1203 2197 1438 2252 habentes
1491 2216 1590 2269 pro
1648 2215 1696 2251 se
1748 2201 1990 2251 Doctores

261 2313 375 2348 curn
419 2293 707 2348 rationibus
750 2293 806 2345 in
847 2304 1118 2365 utramque
1156 2304 1358 2365 partem
1395 2292 1769 2365 probabilibuS,
1814 2311 1902 2345 nec
1927 2291 1985 2344 in

259 2408 366 2442 una
409 2399 606 2442 tantum
652 2387 906 2453 Dioecesi,
951 2387 1029 2441 ‘cel
1066 2387 1269 2459 pauciS,
1314 2388 1402 2442 sed
1443 2386 1584 2459 apud
1627 2403 1797 2440 omnes
1831 2385 1991 2439 chris-

260 2484 449 2549 tianos,
494 2493 585 2537 aut
626 2481 772 2553 lonqe
822 2480 1096 2554 plurimos,
1150 2482 1239 2535 Est
1300 2499 1419 2552 erqo
1472 2481 1680 2551 veritas,
1739 2479 1876 2550 quod
1934 2479 1992 2533 in

255 2579 445 2651 primis
489 2589 533 2632 et
575 2576 808 2631 secundis
851 2576 1130 2629 auctoritas
1172 2576 1486 2648 inferiorum
1529 2575 1893 2630 Praelatorum
1938 2592 1985 2629 se

266 2674 522 2740 ea‘tendit,
568 2684 613 2727 et
655 2674 711 2727 in
755 2689 866 2726 suos
909 2671 1284 2738 tantummon
1338 2671 1394 2724 in
1437 2670 1601 2724 tertiis
1642 2687 1760 2724 vero
1803 2687 1993 2740 nequa-

264 2787 447 2839 quam,
492 2768 735 2839 quoniam
797 2767 978 2822 merito
1032 2766 1277 2820 dicimtur
1336 2764 1563 2839 majores
1621 2782 1801 2818 causae
1864 2764 1991 2837 fidei

259 2875 472 2936 propter
532 2863 879 2935 difficultatem
939 2861 1210 2917 decisionis
1270 2879 1382 2915 cum
1439 2859 1672 2932 periculo
1732 2858 1991 2927 scandali,
