2114 3289
342 117 412 168 18
640 133 732 169 Lm.
762 133 794 167 1.
825 130 939 167 GAP.
970 130 1002 166 1.
1035 129 1094 166 DE
1124 131 1276 167 STATu
1307 129 1577 168 neccesmss

249 236 400 282 terius
433 235 556 281 sacri
590 233 797 280 muneris
833 230 1039 279 obeundi
1075 243 1171 278 non
1206 231 1313 277 aliis
1350 244 1375 278 a
1411 233 1597 279 Christo
1634 245 1860 280 concessa
1884 234 1990 282 ἠιθ-

247 316 328 372 rit,
366 316 460 361 nisi
495 315 570 369 iis,
607 314 688 371 qui
723 313 772 357 in
809 309 1137 358 Sacerdotium
1175 320 1589 369 consecrarentur,
1633 299 1848 360 dubitate
1893 328 1987 360 non

247 398 385 453 licet,
420 398 533 456 quin
571 397 629 450 ii,
666 395 747 453 qui
783 395 838 440 ad
875 406 1007 440 sacra
1044 393 1261 441 facienda
1298 394 1459 441 divino
1497 394 1601 454 jure
1638 397 1802 443 selecti
1848 404 1983 452 sunt,

249 479 409 526 eodem
456 489 640 536 quoque
687 473 793 533 jure
830 487 854 520 a
893 476 1062 522 ceteris
1097 476 1314 525 omnibus
1349 483 1581 534 potestate
1619 484 1664 524 et
1700 478 1863 524 ordine
1910 478 1986 522 ‹li-

248 561 562 618 stinguautur.

1029 701 1072 776 §-
1138 710 1189 761 4.

622 842 693 887 DE
733 841 1064 890 POTESTATE
1133 840 1590 887 JURISDICTIO'NIS

330 989 404 1044 De
462 1001 704 1063 potestate
762 988 956 1044 ordinis
1018 988 1147 1044 nihil
1207 992 1381 1045 attinet
1440 989 1584 1063 plura
1637 988 1820 1045 dicere.
1866 987 1967 1045 Sed

251 1083 453 1139 uberius
498 1103 554 1139 ac
597 1083 756 1139 fusius
800 1082 862 1137 de
903 1094 1145 1157 potestate
1187 1081 1565 1139 Jurisdictionis
1610 1082 1969 1157 disputandum

251 1189 342 1234 est.
402 1175 701 1234 Jurisdictio
745 1176 984 1233 definitur
1033 1190 1252 1252 potestas
1309 1178 1438 1248 juris
1497 1176 1720 1233 dicendi.
1779 1175 1968 1232 Verum

253 1273 304 1326 in
347 1270 467 1326 Jure
510 1269 766 1328 Canonico
811 1290 992 1327 nomen
1049 1271 1418 1343 jurisdictionis
1477 1270 1627 1327 latius
1688 1271 1966 1345 accipitur,

250 1384 406 1439 eoque
448 1365 745 1437 intelligitur
788 1368 952 1422 omnis
995 1386 1052 1422 ea
1096 1367 1297 1441 imperii
1341 1377 1581 1440 potestaS,
1607 1385 1706 1439 qua
1741 1363 1967 1420 Ecclesia

250 1461 439 1532 regitur
489 1472 536 1516 et
576 1459 902 1531 gubernatur.
948 1458 1326 1529 ProtestanteS‚
1369 1471 1421 1514 ut
1463 1459 1685 1516 diximus
1708 1503 1725 1529 ,
1767 1470 1968 1516 conten-

249 1554 372 1610 dunt
414 1566 569 1611 totam
612 1552 867 1610 Ecclesiae
909 1565 1201 1628 potestatem
1244 1555 1296 1610 in
1339 1552 1565 1610 docendo
1608 1565 1656 1609 et
1696 1552 1966 1623 monendO,

249 1666 567 1722 nequaquam
594 1649 645 1703 in
688 1647 985 1721 imperando
1030 1649 1179 1703 sitarn
1222 1667 1358 1718 esse3
1401 1667 1500 1721 quo
1542 1648 1706 1721 posito
1748 1646 1967 1704 inferunt

249 1765 275 1800 a
321 1743 658 1800 Societatibus
702 1744 1051 1816 inaequalibus
1114 1742 1393 1800 Ecclesiam
1455 1744 1600 1816 longe
1661 1742 1864 1813 abesse,
1907 1762 1964 1799 eo

247 1837 383 1911 quod
425 1838 692 1912 imperium
736 1856 834 1894 non
878 1837 1081 1907 habeat,
1125 1840 1231 1894 sine
1273 1857 1371 1911 quo
1415 1836 1640 1894 Societas
1682 1837 1963 1911 inaequalis

250 1952 337 1987 nec
380 1951 523 2001 esse,
568 1951 655 1987 nec
706 1933 902 2006 concipi
956 1943 1134 2006 potest.
1199 1931 1300 1988 Sed
1361 1933 1649 2005 quaerimus
1708 1930 1830 2005 quid
1891 1943 1966 1987 est

248 2022 545 2101 imperare?
606 2024 839 2081 Profecto
894 2038 966 2081 est
1008 2025 1141 2097 leges
1184 2028 1478 2101 imponere,
1523 2026 1712 2081 scilicet
1751 2025 1962 2097 jubere,

249 2132 434 2190 vetare,
467 2121 547 2189 jus
591 2119 777 2189 dicere,
811 2122 1083 2193 poenisque
1127 2140 1371 2177 coercere.
1418 2118 1554 2191 Ergo
1598 2118 1825 2175 Ecclesia
1867 2121 1963 2174 im-

248 2226 422 2289 perat,
465 2216 570 2269 sive
612 2215 880 2287 imperium
924 2214 1112 2286 habet3
1163 2217 1344 2270 etenim
1403 2215 1513 2285 jure
1571 2213 1744 2269 divino
1803 2226 1963 2287 potest

246 2309 381 2380 leges
442 2307 609 2376 ferre,
665 2308 928 2379 judicare,
989 2322 1035 2364 et
1077 2311 1288 2383 punire3
1333 2309 1385 2364 id
1428 2308 1563 2383 quod
1608 2308 1838 2364 distincte
1881 2327 1962 2363 ac-

244 2414 510 2475 curateque
553 2401 869 2475 probandum
913 2405 1175 2459 sumimus,

299 2552 652 2598 iurisdictionis
700 2559 908 2610 potestas
957 2553 1198 2599 confertur
1247 2567 1327 2611 per
1362 2555 1623 2613 legitimam
1660 2551 1963 2606 missionem,

237 2646 355 2691 quae
402 2633 586 2679 definiri
636 2634 780 2680 solet:
835 2633 1062 2694 Leqitima
1108 2633 1367 2693 assi-quatio
1416 2632 1735 2687 subditorum3
1781 2633 1879 2678 sive
1915 2639 1967 2677 ut

239 2714 345 2758 aliis
392 2714 570 2772 placet:
626 2714 877 2775 Deputatio
924 2714 1131 2774 leqitima
1178 2713 1240 2759 nd
1275 2713 1582 2761 exercendum
1617 2727 1785 2758 vuinus
1820 2711 1969 2773 spiri-

237 2793 379 2849 tuale,
404 2796 504 2841 siue
540 2809 630 2852 qua
666 2797 819 2854 quivis
856 2804 985 2842 actus
1019 2795 1368 2853 jurisdictionis
1405 2796 1560 2841 nullus
1599 2801 1644 2840 ct
1679 2795 1840 2840 irritus
1877 2800 1962 2839 cst.

305 2876 525 2921 Nonnulli
577 2879 856 2935 interpretes
890 2878 1013 2923 Juris
1049 2877 1275 2923 Canonici
1316 2877 1402 2921 rati
1443 2882 1578 2930 sunt,
1618 2876 1671 2920 ad
1710 2887 1965 2932 assequen-

1067 2954 1088 2979 Ο
