2114 3289
550 109 595 184 ὃ.
642 131 795 167 vau.
846 131 903 166 niz
950 130 1099 166 nouis
1141 127 1410 164 eccm-:sue
1641 109 1751 158 255

121 260 183 296 ex
244 227 498 294 laboridsa
559 234 653 289 soli
715 234 908 289 cultura
971 234 1248 288 maximum
1298 231 1656 285 incrementum
1700 244 1838 281 acce-

124 343 316 408 perunt.

882 429 926 505 §-
982 439 1074 490 68.

406 576 479 621 DE
517 575 657 620 JURE
698 573 1054 627 ACQUIRENDI
1092 571 1164 615 ET
1203 569 1545 615 POSSlDENDl

194 724 268 780 Ea
330 742 456 797 quae
517 722 740 776 diximus
786 721 850 775 ad
894 719 1081 774 factum
1125 718 1406 792 pertinent,
1451 735 1579 771 nunc
1625 716 1685 770 de
1726 715 1837 785 jure

119 818 389 873 videndum
449 828 538 872 est.
599 814 878 883 Quaeritur
937 815 1140 886 itaque:
1195 812 1444 866 undenam
1488 810 1713 865 Ecclesia
1756 810 1835 879 jus

119 913 268 968 habet
293 913 424 968 bona
453 910 656 965 stabilia
699 921 745 963 et
788 908 1030 980 frugifera
1074 905 1368 980 acquirendi
1410 917 1456 959 et
1500 899 1835 978 possidendi?

116 1005 441 1079 Respondere
483 1023 582 1059 non
625 1003 950 1058 dubitamus:
998 1021 1064 1055 eac
1090 1001 1272 1054 divina
1297 998 1634 1053 institucione.
1679 994 1840 1052 Nam-

118 1118 213 1172 que
256 1097 488 1154 Christus
533 1100 584 1152 in
628 1096 720 1151 Dei
766 1097 953 1152 cultum
997 1108 1042 1151 et
1086 1097 1371 1150 animarum
1415 1094 1626 1147 sal-utem
1667 1090 1840 1145 Eccle-

127 1195 255 1248 siam
298 1194 530 1261 instituit,
574 1203 620 1246 et
662 1192 901 1263 quoniam
946 1202 1234 1264 perpetuam
1278 1207 1383 1242 esse
1429 1186 1604 1255 voluit,
1634 1186 1840 1239 minime

120 1288 350 1342 dubitare
392 1287 526 1355 licet,
555 1287 675 1359 quin
720 1304 828 1339 eam
873 1303 1070 1357 quoque
1117 1283 1326 1338 voluerit
1370 1283 1432 1336 iis
1477 1280 1708 1336 omnibus
1753 1298 1841 1352 po-

120 1384 224 1451 tiri,
252 1401 378 1454 quae
405 1380 572 1437 forent
599 1379 664 1434 ad
701 1379 849 1433 finem
893 1377 1297 1449 consequendum
1344 1375 1644 1430 necessaria.
1687 1370 1842 1445 Atqui

120 1476 185 1532 ad
228 1475 321 1530 Dei
383 1475 572 1530 cultum
630 1485 677 1528 et
737 1473 948 1527 salutem
1008 1472 1292 1525 animarum
1352 1467 1668 1524 aedificanda
1729 1479 1843 1522 sunt

119 1570 304 1643 templa
348 1581 395 1624 et
438 1569 640 1637 altaria,
685 1564 1026 1640 comparanda
1069 1575 1362 1620 ornamenta
1404 1575 1451 1618 et
1494 1582 1614 1618 vasa
1658 1581 1839 1630 sacra,

120 1665 318 1737 aliaque
378 1663 442 1719 ad
494 1662 722 1718 divinum
766 1660 953 1715 cultum
997 1660 1309 1733 spectantia,
1354 1657 1521 1712 alendi
1564 1669 1678 1711 sunt
1719 1655 1842 1730 Epi-

122 1760 280 1833 scopi,
323 1757 614 1827 Presbyteri
667 1767 713 1810 et
756 1753 1020 1822 Ministri,
1065 1755 1150 1826 qui
1194 1742 1450 1808 Ecclesiae
1494 1752 1750 1820 serviant,
1794 1761 1842 1805 et

124 1864 224 1908 toto
286 1854 454 1907 animo
517 1862 664 1925 atque
723 1868 875 1923 opera
928 1849 978 1902 in
1023 1860 1275 1903 aeternam
1320 1847 1530 1901 salutem
1575 1846 1839 1900 hominum

127 1946 402 2003 curandam
451 1946 771 2014 incumbant,
816 1942 1001 1999 Clerici
1044 1945 1095 1997 in
1139 1943 1318 1998 litteris
1361 1954 1408 1997 et
1451 1941 1721 2015 disciplina
1763 1960 1842 1995 ec-

123 2042 401 2097 clesiastica
444 2039 758 2108 instituendi,
801 2050 846 2093 et
889 2049 1049 2093 cetera
1093 2038 1200 2108 ejus
1243 2038 1438 2108 generis
1483 2034 1840 2109 procuranda,

122 2155 248 2209 quae
307 2134 511 2208 quidem
571 2135 740 2189 omnia
801 2134 906 2188 sine
967 2133 1165 2203 magnis
1226 2130 1507 2204 sumptibus
1571 2130 1679 2184 fieri
1741 2149 1841 2185 non

121 2241 345 2304 possunt.
390 2227 552 2299 Igitur
593 2226 819 2282 Ecclesia
863 2245 924 2281 ex
967 2245 1057 2281 sua
1101 2226 1410 2280 institutione
1448 2236 1494 2279 et
1522 2223 1683 2279 divini
1710 2223 1843 2278 Fun-

123 2324 314 2379 datoris
359 2323 608 2379 voluntate
650 2323 728 2392 jus
774 2322 924 2376 habet
967 2322 1072 2376 sive
1115 2320 1372 2394 pecunias,
1416 2321 1521 2374 sive
1563 2318 1696 2374 bona
1741 2330 1841 2373 sta-

121 2420 246 2475 bilia
295 2431 342 2474 et
390 2417 632 2489 frugifera
695 2418 793 2472 sibi
837 2416 1204 2491 comparandi,
1249 2415 1544 2488 acquirendi
1588 2426 1634 2469 et
1680 2416 1842 2488 possi-

123 2514 294 2583 dendi,
340 2525 390 2567 ut
432 2531 558 2585 quae
602 2512 666 2566 ad
710 2511 967 2566 faciendos
1012 2521 1237 2584 sumptus
1283 2511 1564 2563 necessaria
1607 2521 1738 2578 sunt,
1783 2529 1840 2563 ea

123 2611 174 2663 in
233 2619 466 2682 promptu
526 2607 726 2661 habeat.
790 2604 1113 2679 Quapropter
1164 2616 1276 2658 ante
1332 2601 1718 2658 Constantinam
1762 2602 1837 2659 M.

123 2703 427 2757 sanctissimi
489 2700 743 2755 Ecclesiae
794 2698 1054 2754 Antistites
1098 2710 1144 2753 et
1186 2697 1363 2752 Patres
1407 2717 1503 2751 non
1549 2696 1841 2752 dubitarunt

124 2795 322 2863 domOS,
365 2813 534 2865 agros,
571 2806 617 2848 et
660 2794 832 2849 hortos
876 2796 1076 2849 nomine
1119 2794 1277 2867 ipsius
1321 2790 1576 2846 Ecclesiae
1621 2793 1841 2864 recipere

125 2900 170 2943 et
213 2887 496 2962 possidere,
540 2888 656 2944 licet
698 2899 812 2943 tunc
855 2890 1094 2962 temporis
1139 2886 1393 2954 Ecclesia,
1435 2904 1492 2941 eo
1536 2885 1671 2958 quod
1717 2897 1843 2941 tam-
