2114 3289
319 100 428 152 946
498 116 590 153 un.
623 115 693 152 ιιι.
725 115 770 151 ο.
793 113 845 149 11.
876 113 936 148 DE
965 113 1123 149 nesus
1148 112 1289 151 Eccz.
1320 112 1528 148 Poresr.
1557 111 1812 150 sussmc‘ns

218 221 577 295 proprietatis,
621 237 706 273 seu
731 217 859 288 juris
888 215 1025 289 quod
1054 215 1228 270 dicunt
1245 216 1569 287 petitorium,
1599 235 1771 272 verum
1796 218 1948 272 etiam

224 316 267 371 si
310 317 537 389 quaestio
556 309 885 385 possessionis
927 311 1171 382 agitetur3
1202 310 1392 365 similes
1436 323 1599 366 tamen
1635 312 1819 365 causae
1858 311 1953 366 ali-

223 410 405 482 quibus
450 409 500 462 in
553 405 850 480 provinciiS,
893 405 937 459 si
984 403 1233 474 judicium
1286 404 1608 478 proprietatis
1654 405 1737 473 sit,
1765 404 1829 459 ad
1873 424 1952 460 ec-

227 503 562 558 clesiasticum
605 499 810 572 quidem
852 497 1075 568 judicem
1126 499 1464 567 remittuntur3
1525 498 1613 553 sed
1665 501 1717 554 in
1759 498 1951 569 judicio

223 595 555 670 possessionis
635 593 768 668 apud
829 592 994 648 forum
1037 591 1186 647 civile
1245 593 1454 647 tractari
1513 593 1698 662 solent,
1758 594 1953 665 quoties

226 693 392 761 agitur
434 688 495 743 de
539 688 799 744 retinenda
845 687 921 743 vel
965 687 1308 762 recuperanda
1345 689 1682 761 possessione,
1708 707 1807 744 non
1833 689 1952 743 item

228 787 269 840 si
314 784 375 838 de
419 782 747 858 adipiscenda
791 784 1019 856 quaestio
1064 783 1147 838 sit.

305 878 414 933 Hac
467 896 615 954 super
674 897 727 932 re
788 874 1128 932 Covarruvias
1190 877 1405 949 practic.
1467 888 1659 949 quaest.
1721 895 1831 949 cap.
1879 880 1948 930 37

223 973 541 1029 conclusione
566 974 731 1046 prima
758 970 1133 1040 animadvertit,
1167 988 1269 1023 non
1305 987 1446 1042 posse
1489 971 1681 1024 laicum
1716 969 1954 1043 judicem

220 1068 497 1121 secundum
538 1066 764 1138 rigorem
801 1065 945 1139 juris
986 1083 1278 1136 coynoscere
1341 1064 1403 1119 de
1447 1083 1600 1118 causa
1642 1064 1952 1138 possessoria

222 1162 470 1235 Beneficii
514 1160 856 1227 ecclesiastici,
895 1179 1010 1214 cum
1049 1160 1119 1213 ad
1163 1159 1556 1234 justificandam
1590 1159 1953 1232 possessionem

226 1256 282 1311 in
310 1257 399 1310 hoc
426 1274 544 1311 casu
574 1256 637 1310 sit
663 1256 949 1310 necessaria
975 1255 1229 1326 quaeda-m
1273 1256 1557 1309 summaria
1591 1254 1832 1327 probatio
1858 1253 1955 1308 ali-

224 1351 375 1425 cujus
416 1351 557 1405 tituli
600 1351 919 1422 apparentis,
965 1369 1053 1403 nec
1079 1350 1231 1404 aliter
1259 1350 1419 1422 possit
1438 1350 1684 1422 possessio
1709 1348 1946 1404 obtineri.

224 1446 287 1502 Et
347 1448 562 1501 iterum:
617 1445 855 1518 Opinor,
911 1444 1149 1517 judicem
1192 1445 1506 1499 saecularem
1548 1463 1636 1499 nec
1678 1444 1736 1498 in
1796 1445 1954 1498 inte-r-

225 1542 362 1595 dicto
423 1540 809 1612 adipiscendae,
870 1558 959 1593 nec
1019 1539 1342 1606 retinendae,
1413 1558 1502 1593 nec
1561 1539 1945 1612 recuperandae

226 1652 372 1707 posse
416 1651 708 1706 coqnoscere
752 1633 814 1688 de
858 1651 1012 1687 causa
1049 1633 1357 1706 possessoria
1399 1633 1776 1707 Beneficiorum
1803 1631 1955 1687 eccle-

226 1729 575 1798 siasticorum,-
618 1728 848 1783 maoeime
891 1727 1016 1799 quia
1057 1728 1114 1782 in
1156 1727 1250 1781 liac
1293 1728 1453 1800 specie
1497 1745 1598 1780 non
1658 1727 1779 1782 solet
1837 1744 1954 1780 con-

226 1824 475 1879 troversia
519 1823 811 1894 continqere
855 1822 956 1876 nisi
998 1822 1134 1876 inter
1179 1822 1418 1893 Clericos3
1463 1833 1507 1877 et
1549 1822 1667 1876 ideo
1694 1840 1809 1875 cuni
1833 1837 1951 1875 reus

224 1918 446 1974 Clericus
489 1918 574 1985 sit,
603 1918 672 1971 ad
698 1917 936 1989 judicem·
964 1917 1352 1971 ecclesiasticum
1399 1917 1497 1972 erit
1538 1935 1692 1971 causa
1718 1916 1949 1988 deferen-

223 2013 314 2079 da,
352 2012 616 2085 perpensis
654 2012 799 2085 juris
842 2012 1106 2083 utriusque
1131 2011 1432 2084 principiiS,
1461 2023 1505 2066 et
1546 2010 1952 2065 conclusionibus

220 2107 500 2161 admodum
543 2107 777 2178 receptiS,
821 2106 938 2161 licet
980 2124 1133 2160 causa
1179 2107 1485 2179 possessoria
1544 2105 1680 2160 nihil
1739 2105 1946 2160 liaberet

219 2203 446 2257 mixtum
498 2203 855 2275 proprietatis,
917 2221 1006 2256 nec
1069 2214 1189 2256 esset
1251 2203 1307 2256 in
1368 2221 1427 2257 ea
1475 2202 1603 2273 quid
1654 2201 1946 2275 spirituale,

221 2297 326 2351 imo
369 2308 473 2351 tota
516 2308 635 2351 esset
680 2298 889 2350 omnino
917 2297 1230 2370 temporalis,
1259 2296 1323 2353 Et
1349 2315 1655 2370 quamquam
1691 2298 1743 2352 in
1770 2297 1946 2351 ceteris

226 2394 390 2447 causis
436 2411 533 2447 non
578 2390 955 2446 beneficialibus
1000 2391 1230 2446 videatur
1271 2394 1322 2446 in
1366 2409 1476 2446 eam
1504 2391 1800 2446 sententiam
1827 2409 1945 2464 pro-

225 2487 369 2541 clivis
412 2505 538 2554 esse,
583 2484 855 2540 secundum
900 2505 1051 2558 quam
1095 2486 1210 2541 licet
1235 2485 1482 2541 saeculari
1508 2484 1667 2555 judici
1695 2486 1747 2539 in
1793 2502 1944 2538 causa

223 2582 556 2654 possessionis
582 2578 830 2649 judicare,
857 2580 926 2634 ita
956 2590 1007 2633 ut
1037 2581 1086 2633 in
1117 2579 1335 2634 secunda
1371 2579 1689 2634 conclusione
1727 2588 1944 2632 asserat:

223 2673 429 2737 Quoties
504 2673 810 2727 tractabitur
870 2673 931 2727 de
992 2691 1144 2726 causa
1196 2672 1524 2745 possessionis
1594 2671 1942 2740 decimarum,

217 2767 687 2841 jurispatronatus,
727 2768 871 2841 juris
907 2767 1299 2840 praesentandi,
1336 2766 1481 2840 juris
1525 2765 1771 2837 eliqendi,
1816 2765 1941 2836 quia

223 2862 279 2916 in
321 2862 453 2917 hisce
496 2862 692 2916 casibus
735 2880 837 2915 non
879 2873 948 2916 est
989 2862 1059 2917 ad
1101 2861 1467 2935 possessorium
1503 2859 1596 2933 jus
1656 2859 1941 2915 necessaria
