2114 3289
333 103 406 153 54
451 117 544 153 Lm.
566 116 617 153 Π.
642 116 688 153 c.
716 116 748 151 1.
779 115 838 150 nr:
866 114 913 171 R.
940 112 1202 150 PoN'rmcE
1231 112 1403 155 muso.
1433 111 1771 149 ADJUTORIBUS

250 223 558 277 institutione
610 220 793 292 aliquis
837 219 901 273 sit
944 229 1174 291 oportet,
1217 218 1303 291 qui
1346 229 1542 273 mortuo
1586 214 1738 273 Petro
1781 218 1832 271 in
1875 215 1969 270 Ec-

253 316 432 371 clesiae
460 313 743 369 Primatum
769 310 1020 367 succedat.
1067 308 1304 367 Succedit
1345 322 1510 366 autem
1544 292 1968 367 Romanus-Pon-

250 408 410 479 tifex,
454 406 587 482 quod
631 404 801 460 multis
844 406 1152 476 argumentis
1196 405 1569 478 comprobatur.
1844 394 1848 399 ’

333 500 415 558 1.Ο
460 499 682 568 Quidem
740 499 932 554 ratione
992 500 1347 555 successionis,
1407 497 1677 555 Successor
1737 500 1869 554 enim
1923 506 1971 551 et

251 598 393 651 heres
438 593 716 668 spiritualis
761 595 1020 668 potestatis
1064 612 1259 668 semper
1300 594 1352 647 in
1395 590 1619 648 Ecclesia
1645 593 1849 648 habitus
1876 603 1970 659 est,

251 692 335 762 qui
379 691 428 744 in
473 707 582 743 eam
627 686 809 743 Sedem
855 687 1163 756 conscendit,
1190 706 1343 761 quam
1386 687 1512 742 alter
1554 698 1637 741 aut
1678 698 1857 755 morte,
1885 696 1971 740 aut

252 783 568 838 abdicatione
629 794 901 857 spontanea
964 781 1039 836 vel
1099 793 1271 837 coacta
1316 799 1525 836 vacuam
1569 780 1844 854 reliquerit.
1908 776 1974 833 At

252 875 431 932 Petrus
476 876 843 932 Antiochenam
887 874 1069 931 Sedem
1113 874 1365 944 deserens,
1392 892 1658 948 secumque
1687 871 1971 929 Primatum

251 986 426 1042 gerens
449 1015 463 1040 ,
508 970 571 1026 ad
615 963 901 1026 Romanam
946 968 1127 1026 Sedem
1178 988 1230 1024 se
1273 969 1554 1037 transtulit,
1597 969 1650 1023 in
1693 965 1847 1041 eaque
1890 985 1972 1022 su-

254 1084 481 1139 premum
511 1065 645 1120 diem
673 1055 817 1133 obiit,
846 1076 892 1119 et
917 1062 1172 1119 Ecclesiae
1207 1060 1491 1118 Primatum
1534 1062 1783 1135 deposuit.
1828 1060 1970 1115 Unus

255 1179 374 1230 ergo
417 1158 678 1215 Romanus
723 1157 980 1228 Pontifex,
1007 1159 1093 1231 qui
1137 1160 1189 1212 in
1232 1155 1542 1213 Cathedram
1586 1154 1642 1212 S.
1686 1154 1826 1211 Petri
1863 1173 1973 1210 suc-

260 1253 411 1322 cedit,
453 1254 706 1325 legitimus
749 1253 893 1307 heres
937 1264 1009 1308 est
1052 1272 1109 1307 ac
1153 1249 1294 1306 Petri
1335 1249 1626 1320 Successor,
1655 1263 1803 1324 atque
1846 1248 1971 1303 adeo

256 1349 309 1402 in
348 1347 636 1404 Romanum
680 1345 979 1403 Pontificem
1020 1348 1099 1416 jus
1143 1365 1289 1401 omne
1333 1343 1590 1401 Primatus
1642 1345 1973 1414 transmigra-

256 1443 342 1497 vit.
403 1439 608 1497 Petrum
669 1453 834 1496 autem
877 1441 1140 1496 advenisse
1182 1439 1439 1509 Romam,
1485 1440 1654 1513 ibique
1697 1451 1744 1494 et
1787 1437 1969 1494 Sedem

255 1537 564 1605 collocasse,
624 1548 671 1590 et
722 1535 786 1590 ad
830 1534 1022 1591 obitum
1067 1553 1222 1607 usque
1266 1536 1518 1604 tenuisse,
1563 1536 1702 1589 testis
1745 1544 1818 1587 est
1859 1534 1966 1605 ipse

256 1629 455 1699 Petrus,
499 1632 585 1703 qui
628 1631 773 1704 epist.
828 1632 851 1682 1
901 1648 1010 1702 cap.
1058 1629 1145 1684 ult.
1192 1649 1238 1684 v.
1288 1632 1357 1684 13
1403 1630 1474 1684 ita
1515 1628 1723 1698 scribit,
1766 1626 1969 1683 Salutat

253 1744 338 1780 eos
381 1725 633 1791 Ecclesia,
659 1742 788 1796 qaae
832 1735 901 1777 esc
944 1725 1001 1778 in
1043 1724 1305 1796 Babylone
1349 1723 1573 1795 collecta.
1618 1720 1798 1797 Neque
1841 1724 1974 1777 enim

256 1821 540 1892 Babylonis
585 1821 785 1876 nomine
828 1818 1142 1890 Babylonem
1180 1817 1555 1874 Chaldaeorum
1582 1818 1860 1889 intelligere
1886 1837 1971 1873 vo-

258 1914 384 1981 luit,
427 1932 554 1986 qnae
598 1925 709 1968 ante
752 1930 862 1967 eam
904 1912 1169 1986 epistolam
1223 1924 1483 1967 exaratam
1537 1930 1710 1966 eversa
1770 1910 1970 1979 fuerat,

259 2026 416 2080 neque
476 2007 790 2077 Babylonem
849 2004 1102 2082 Aegypti,
1163 2026 1290 2081 qnae
1351 2007 1591 2062 obscurus
1643 2007 1789 2080 plane
1831 2006 1970 2062 locus

260 2113 372 2156 tunc
416 2113 539 2170 erat,
582 2121 669 2156 nec
715 2102 853 2157 urbis
896 2104 1097 2158 nomine
1140 2102 1342 2173 dignus,
1378 2101 1465 2157 sed
1508 2099 1727 2156 Romam
1771 2099 1966 2171 signifi-

260 2215 374 2251 care
418 2196 592 2264 voluit,
635 2215 762 2269 quae
806 2199 957 2252 etiam
1002 2199 1052 2252 in
1098 2195 1304 2272 Apocal.
1351 2216 1461 2272 cap.
1505 2193 1659 2251 XVII
1702 2215 1749 2252 V.
1796 2199 1828 2249 5
1873 2193 1972 2250 Ba-

259 2291 412 2361 bylon
456 2291 751 2365 appellatur.
798 2289 855 2345 Id
900 2311 1017 2346 sane
1061 2293 1205 2348 docet
1247 2290 1436 2365 Papias
1480 2289 1840 2365 Apostolorum
1877 2288 1967 2344 Di-

257 2385 506 2459 scipulus;
547 2385 601 2440 id
645 2383 699 2441 S.
745 2383 1083 2456 Hieronymus
1127 2387 1189 2441 de
1233 2385 1372 2442 Viris
1416 2386 1697 2442 illustribus
1742 2404 1851 2458 cap.
1903 2388 1965 2438 8:

257 2482 466 2546 Pet-rm,
510 2481 759 2552 inquiens,
800 2480 859 2533 in
902 2480 1113 2553 epistola
1147 2481 1328 2553 prima
1385 2480 1475 2534 sub
1534 2479 1740 2534 nomine
1800 2477 1970 2549 Baby-

217 2627 221 2630 .
256 2574 389 2628 lonis
424 2573 715 2648 fiquraliter
758 2576 976 2629 Romam
1017 2575 1293 2648 siqnificat3
1336 2574 1390 2629 id
1451 2573 1589 2629 Beda
1632 2576 1681 2629 in
1741 2572 1970 2627 eamdem

258 2668 520 2741 epistolam
581 2688 690 2742 cap.
738 2673 769 2723 5
815 2669 934 2725 dum
994 2672 1090 2724 ait:
1152 2668 1466 2739 Babylonem
1525 2667 1688 2739 typice
1750 2668 1970 2720 Romam

258 2761 405 2828 dicit,
449 2762 681 2817 videlicet
716 2775 929 2836 propter
956 2764 1302 2837 confasionem
1327 2761 1629 2834 multiplicis
1662 2761 1968 2831 idolatriae,-

261 2855 313 2909 id
357 2855 567 2928 denique
613 2856 909 2933 Interprctes
954 2860 1175 2932 plerique
1220 2876 1419 2921 omnesg
1464 2875 1560 2928 qua
1606 2855 1665 2909 de
1711 2875 1759 2910 re
1799 2855 1970 2910 confer
