2114 3289
351 84 424 136 32
594 100 707 137 CAP.
753 99 804 136 11.
852 100 911 135 DE
956 99 1199 136 FONTIBUS
1243 97 1385 134 JURIS
1429 96 1673 136 CANONICI

272 205 574 279 disciplinae
618 215 784 277 caput,
829 202 963 275 quod
1006 201 1234 259 Ecclesia
1278 205 1488 277 accepit,
1524 216 1782 277 tamquam
1824 225 1995 281 super-

269 300 554 367 stitiosum,
611 299 880 369 iniquum,
941 309 1027 352 aut
1076 297 1267 352 malum
1316 296 1527 352 irrideat
1567 310 1614 353 et
1656 281 1990 370 condemnet,

267 394 561 448 auctoritate
602 391 762 464 ipsius
804 389 1115 446 Testamenti
1159 392 1337 446 veteris
1363 390 1492 446 falsa
1522 393 1808 448 criminatio
1835 392 1984 448 facile

267 488 682 562 propulsabitur,
726 505 839 541 cum
881 485 1017 542 Deus
1059 485 1408 542 Hebraeorum
1451 489 1586 558 genti
1649 489 1994 562 praescribere

269 581 397 637 nihil
438 581 689 655 potuerit,
735 580 870 653 quod
914 580 1104 635 malum
1148 591 1311 650 esset,
1356 592 1441 636 aut
1483 581 1707 654 aliquam
1751 583 1994 657 supersti-

268 677 454 731 tionem
498 675 574 728 vel
614 675 922 748 impietatem
966 675 1258 730 contineret.

348 768 510 824 Porro
554 767 862 823 Judaeorum
905 769 1039 839 leges
1082 769 1133 822 in
1177 786 1357 841 corpus
1401 764 1540 824 Juris
1585 766 1830 824 Canonici
1857 789 1989 825 rece-

267 878 400 940 ptae,
429 877 494 934 et,
523 877 573 919 ut
609 865 769 935 ajunt,
796 866 1140 934 canonizatae,
1168 884 1266 920 non
1293 875 1551 938 tamquam
1594 865 1727 936 leges
1771 865 1994 935 (livinae,

269 959 357 1015 sed
391 971 649 1031 tamquam
683 958 816 1028 leges
860 958 1246 1027 ecclesiasticae,
1274 960 1378 1013 sive
1422 961 1718 1014 auctoritate
1761 959 1995 1015 ecclesia-

269 1056 394 1109 stica
454 1064 679 1126 receptae
738 1052 1162 1124 coufirma'taeque
1221 1052 1483 1107 habendae
1536 1065 1685 1108 sunt:
1741 1073 1894 1123 nam,
1939 1065 2001 1109 ut

269 1149 456 1222 optime
498 1147 701 1220 scripsit
761 1144 1013 1202 Zallwein
1074 1158 1195 1202 tom.
1242 1144 1265 1200 I
1313 1145 1542 1221 Princip.
1595 1145 1705 1204 Jur.
1761 1146 1993 1217 EccleS.‚

268 1241 399 1313 leqes
439 1240 564 1295 istae
607 1259 709 1293 non
750 1239 932 1293 liabent
973 1239 1076 1293 vim
1119 1239 1384 1311 obliyandi
1425 1241 1476 1295 vi
1524 1240 1864 1296 institutionis
1916 1242 1996 1296 di-

267 1338 441 1404 vinae,
476 1355 605 1408 quae
648 1335 876 1403 cessavit)
920 1337 1007 1390 secl
1047 1336 1098 1390 ‘ci
1141 1337 1465 1391 auctoritatis
1506 1336 1763 1393 Ecclesiae
1808 1356 1889 1392 eas
1930 1338 1994 1393 li-

268 1433 382 1487 bere
434 1431 760 1503 adoptantis:
806 1442 852 1485 et
894 1430 1106 1504 proinde
1149 1430 1374 1486 Ecclesia
1418 1443 1579 1505 potest
1619 1432 1823 1488 easdem
1866 1433 1994 1489 rela-

269 1548 410 1598 xare,
453 1539 599 1601 atque
641 1528 793 1581 etiam
836 1528 1031 1600 penitus
1075 1527 1340 1598 abrogare.

324 1714 540 1761 Diximus
578 1712 834 1759 Ecclesiam
863 1727 996 1774 posse
1033 1728 1110 1760 eas
1146 1712 1260 1774 leqes
1296 1712 1538 1760 relaxare.
1565 1715 1670 1761 Hoc
1694 1715 1797 1761 Ioco
1824 1716 2004 1761 tirones

261 1795 482 1842 monendi
521 1802 646 1850 sunt,
681 1795 1070 1852 quotiescumque
1108 1796 1155 1840 in
1195 1796 1341 1841 sacris
1377 1796 1637 1842 canonibus
1672 1796 1875 1854 legerint
1910 1795 2002 1842 Ec-

259 1876 447 1922 clesiam
482 1875 910 1936 posse-Ecclesiam
944 1875 1179 1936 potuisse,
1218 1878 1408 1922 nomine
1444 1877 1685 1923 Ecclesiae
1723 1890 1816 1922 non
1855 1884 2001 1922 totam

258 1958 462 2004 fidelium
514 1958 935 2016 congregationem
987 1958 1211 2016 intelligi,
1257 1958 1336 2003 sed
1387 1958 1709 2003 tantummodo
1760 1958 2000 2003 Ecclesiae

252 2041 467 2084 Pastores
503 2044 549 2084 ct
586 2040 823 2092 RectoreS‚
867 2039 1036 2096 quibus
1074 2038 1186 2083 solis
1221 2039 1373 2083 omniS
1412 2038 1733 2084 ecclesiastica
1786 2044 1994 2095 potestas

257 2120 435 2165 tributa
472 2117 577 2164 fuit.
617 2120 713 2165 Hac
753 2119 1101 2177 significatione
1131 2119 1372 2165 Ecclesiae
1418 2132 1589 2164 nomen
1621 2126 1894 2175 usurpatum
1932 2124 2002 2164 est

266 2201 323 2245 ab
375 2201 477 2257 ipso
521 2201 726 2253 Christo,
777 2200 883 2245 dum
933 2200 1098 2246 Manli.
1151 2213 1254 2257 cap.
1305 2201 1448 2244 XVIII
1497 2199 1665 2257 inquit:
1705 2198 1759 2244 Si
1796 2213 1869 2244 eos
1904 2213 1998 2244 non

259 2279 489 2338 audierit,
526 2278 601 2325 dic
639 2279 893 2333 Ecclesiae;
918 2294 1037 2339 quae
1068 2282 1206 2326 verba
1243 2281 1484 2338 explicans
1521 2281 1569 2326 S.
1608 2281 1812 2325 Joannes
1847 2279 1998 2336 Chry-

266 2369 498 2408 sostomus
534 2362 617 2406 ait:
659 2360 746 2407 Dic
796 2361 1048 2418 Ecclesiae,
1100 2359 1219 2406 idest
1255 2360 1487 2407 Ecclesiae
1523 2359 1775 2407 Praelatis.
1822 2360 1998 2405 Eodem

258 2456 396 2489 sensu
447 2455 585 2500 saepe
638 2442 897 2488 adhibitum
934 2449 1004 2488 est
1040 2456 1063 2487 a
1099 2443 1314 2488 Concilio
1366 2442 1661 2497 Tridentino,
1710 2441 1854 2486 veluti
1890 2452 1997 2486 cum

261 2537 376 2570 sess.
416 2524 555 2569 XXIV
591 2534 694 2568 can.
721 2523 748 2566 4
785 2524 866 2568 ait:
907 2522 961 2569 Si
996 2523 1101 2583 quis
1137 2521 1340 2580 disceret)
1376 2521 1630 2568 Ecclesiam
1664 2536 1756 2567 ηοη
1788 2520 1999 2581 potuisse

260 2602 538 2651 constituere
561 2601 892 2665 impedimenta
922 2603 1277 2650 matrimonium
1307 2602 1607 2662 dirimentia,
1630 2600 1880 2649 anathema
1915 2600 1994 2648 sit.
