2114 3289
295 106 339 182 §.
370 130 489 167 va.
524 130 583 165 nn
612 128 769 164 nanus
797 129 856 162 ET
881 128 1053 165 cntsts
1079 129 1306 165 connax.
1337 129 1425 164 sen
1453 128 1624 164 nixus
1685 113 1794 164 249

168 236 333 305 agitur
375 234 436 288 de
485 233 648 288 causis
694 233 1070 305 spiritualibus,
1114 251 1326 305 quarum
1379 232 1599 302 cognitio
1643 244 1689 286 et
1747 232 1881 302 judi-

167 330 319 397 cium,
381 340 432 382 ut
491 344 641 399 supra
704 326 1041 396 ostendimus,
1103 327 1166 381 ad
1229 345 1378 380 unam
1431 325 1711 382 Ecclesiam
1772 346 1882 399 per-

170 433 307 478 tinet.

223 624 287 666 De
321 621 478 666 causis
513 622 837 667 criminalibus
875 622 1230 676 ecclesiasticis,
1270 628 1316 667 et
1358 621 1519 666 mixtis
1562 619 1725 667 confer
1767 622 1889 666 cita-

156 710 253 749 tum
288 704 684 749 commentarium
723 701 776 748 de
812 702 983 764 finibus
1018 703 1259 764 utriusque
1305 702 1570 763 potestante,
1606 704 1888 748 Alteserram

158 784 206 828 in
241 791 407 840 quarto
445 791 490 829 et
526 791 657 829 sexto
702 783 1027 830 Vindiciarum
1064 785 1202 838 libro,
1242 791 1287 830 et
1324 785 1567 830 Horatium
1605 785 1800 830 Martam
1836 781 1890 828 de

154 861 495 910 Jarisdictz'one
526 878 612 925 per
636 872 678 910 ec
714 864 838 911 inter
873 863 1084 911 Judicem
1114 864 1493 911 Ecclesiasticum
1530 871 1571 910 et
1608 862 1891 910 saecularem

157 945 435 993 exercenda.

930 1120 975 1195 §-
1022 1129 1112 1181 66.

586 1277 658 1321 DE
696 1277 1127 1321 APPELLATIONE
1166 1278 1237 1321 AB
1275 1276 1462 1322 ABUSU

246 1451 350 1518 Qui
395 1463 569 1524 putant
598 1450 806 1506 Curiam
851 1450 1223 1525 Episcopalem,
1252 1463 1336 1505 aut
1377 1450 1607 1506 Judicem
1651 1452 1884 1506 ecclesia-

164 1547 343 1600 sticum
389 1566 478 1600 sua
522 1558 764 1619 potestate
808 1547 858 1600 in
903 1546 1074 1618 aliqua
1117 1545 1322 1600 ferenda
1375 1548 1617 1601 sententia
1671 1547 1882 1601 abusum

164 1659 290 1708 esse,
338 1642 373 1694 ii
404 1641 563 1695 solent
589 1641 640 1694 in
668 1641 922 1713 aliquibus
950 1641 1238 1711 regionibus
1266 1640 1330 1694 ad
1358 1639 1647 1714 Principem
1675 1642 1879 1710 laicum,

163 1735 269 1788 sive
321 1736 428 1805 ejus
484 1732 692 1789 Curiam
754 1735 1028 1808 appellare3
1090 1753 1236 1807 quae,
1280 1734 1557 1806 appellatio
1616 1736 1678 1788 ab
1720 1736 1880 1788 abusu

166 1841 498 1902 nuncupatur.
560 1827 838 1895 Quaeritur
897 1830 1084 1900 itaque,
1139 1848 1200 1883 an
1254 1828 1547 1899 hujusmodi
1608 1829 1878 1903 appellatio

165 1922 347 1991 valeat,
391 1934 437 1977 et
478 1919 668 1977 liceat?
713 1921 829 1988 Qua
875 1922 935 1976 de
980 1943 1030 1977 re
1073 1923 1243 1995 aliqua
1289 1922 1502 1977 dicenda
1546 1936 1676 1978 sunt.

241 2015 357 2071 Jam
404 2036 518 2071 vero
544 2016 698 2086 judex
738 2017 1106 2071 ecclesiasticus
1135 2036 1223 2071 sua
1266 2028 1507 2090 potestate
1536 2017 1674 2071 abuti
1703 2028 1880 2090 potest,

160 2111 236 2164 vel
279 2112 519 2181 injustam
563 2113 860 2165 sententiam
907 2110 1308 2184 pronunciando,
1346 2110 1420 2165 vel
1463 2111 1756 2181 judicialem
1802 2131 1882 2166 or-

159 2204 326 2259 dinem
372 2224 467 2261 non
496 2205 763 2261 servando,
811 2204 867 2260 Si
912 2205 1183 2278 appellatio
1230 2205 1315 2260 fiat
1344 2207 1536 2261 ratione
1580 2206 1878 2276 injustitiae,

163 2311 369 2354 vocatur
412 2299 689 2371 appellatio
732 2300 953 2372 simple-oc
995 2310 1041 2353 et
1084 2317 1264 2369 ‘mera3
1308 2301 1350 2354 si
1395 2311 1559 2354 autem
1612 2300 1880 2373 appellatio

160 2395 225 2451 ob
273 2414 369 2450 non
398 2407 647 2450 servatum
690 2395 995 2465 judiciorum
1041 2395 1269 2450 ordinem
1303 2397 1668 2469 interponatur,
1710 2395 1882 2466 appel-

158 2491 284 2543 latio
326 2502 586 2560 tamquam
629 2490 691 2543 ab
736 2491 895 2543 abusu
945 2491 1250 2546 nominatur.
1306 2488 1440 2544 Inter
1490 2501 1753 2561 utramque
1796 2510 1882 2564 ap-

158 2585 480 2658 pellationem
532 2584 656 2638 illud
711 2583 991 2653 intercedit,
1051 2584 1186 2656 quod
1232 2586 1283 2638 in
1335 2585 1494 2656 priori
1546 2584 1881 2657 appellatione

159 2677 400 2751 Princeps
445 2679 549 2732 sive
583 2678 737 2747 judex
782 2678 939 2732 laicus
984 2678 1045 2732 de
1075 2697 1124 2732 re
1167 2679 1504 2732 ecclesiastica
1534 2679 1788 2747 cognoscit
1834 2690 1877 2731 et

157 2772 368 2841 judicat,
413 2792 475 2827 an
505 2773 694 2827 scilicet
720 2775 961 2827 sententia
988 2792 1099 2827 cum
1129 2774 1286 2826 sacris
1314 2772 1589 2826 canonibus
1618 2785 1879 2841 congruat,

161 2885 246 2921 nec
290 2884 366 2920 ne:
410 2869 461 2921 in
505 2868 838 2940 appellatione
891 2886 1007 2921 vero
1052 2879 1307 2938 tamquam
1352 2866 1416 2920 ab
1465 2865 1625 2919 abusu
1677 2884 1772 2918 non
1817 2866 1877 2920 de
