2114 3289
553 92 598 168 §.
643 116 805 153 xux.·
833 117 893 152 DE
939 118 1139 155 omem
1186 119 1403 155 noenum
1649 102 1752 153 187

115 219 233 273 ideo
298 229 413 273 sunt
455 218 524 272 ad
565 219 749 274 Sedem
792 218 1071 287 Ecclesiae,
1115 220 1193 274 vel
1252 220 1322 274 ad
1363 219 1631 275 Sedentem
1666 220 1723 273 in
1783 238 1841 274 ea

119 313 441 385 referendae.

173 470 413 524 Quomodo
452 470 499 516 in
550 472 908 529 quaestionibus
957 472 1163 519 nondum
1200 473 1257 518 ab
1307 472 1518 519 Ecclesia
1560 472 1765 518 definitis
1799 485 1847 518 se

107 563 269 608 gerere
306 551 528 609 Episcopi
566 553 786 608 debeant,
823 553 918 599 late
943 553 1151 611 explieat
1186 553 1470 599 Benedictus
1495 554 1591 597 XIV
1616 553 1670 599 de
1694 552 1852 611 Syno-

109 633 167 678 do
202 632 492 679 Dioecesana
529 634 611 679 lib.
652 635 677 680 7
716 647 819 693 cap.
865 636 905 690 1,
945 636 994 690 2,
1031 634 1058 680 3
1099 642 1144 681 et
1179 648 1308 693 seqq.

894 791 940 869 §-
988 801 1080 853 50.

421 904 494 949 DE
533 904 802 960 RELIQUIS
840 904 1246 952 EPISCOPORUM
1282 905 1525 952 OFFICIIS

195 1063 422 1121 Alterum
482 1064 850 1142 Episcoporum
930 1068 1148 1124 officium
1208 1080 1281 1123 est
1357 1088 1532 1126 curare
1610 1068 1838 1123 divinum

116 1159 324 1230 cultum,
367 1173 413 1215 et
457 1161 646 1231 videre,
690 1181 750 1216 ne
792 1162 915 1235 quid
959 1173 1188 1236 peccetur
1229 1164 1282 1218 in
1325 1161 1590 1219 Sacrificio
1625 1162 1836 1231 Missae,

115 1256 168 1310 in
210 1255 396 1311 divinis
440 1257 617 1313 officiis
661 1256 995 1327 celebrandis,
1039 1258 1090 1312 in
1134 1255 1576 1312 Sacramentorum
1622 1257 1839 1312 admini-

115 1351 392 1419 stratione,
435 1350 487 1405 in
530 1350 726 1406 dierum
768 1349 1010 1406 festorum
1054 1350 1291 1422 religiosa
1344 1362 1615 1423 sanctaque
1667 1351 1838 1406 obser-

116 1445 304 1513 vantia,
348 1446 400 1500 in
441 1445 717 1499 reverentia
759 1442 1001 1499 Ecclesiis
1045 1445 1303 1517 sacrisque
1346 1443 1471 1499 locis
1515 1443 1704 1501 debita.

194 1534 463 1593 Praeterea
505 1538 857 1594 excubandum
900 1535 1156 1612 Episcopo
1198 1550 1272 1593 est
1314 1558 1404 1612 pro
1457 1538 1706 1594 clericalis
1742 1535 1841 1594 Or-

113 1629 247 1686 dinis
291 1631 562 1705 disciplina
604 1631 815 1702 tuenda,
859 1644 906 1688 et
948 1632 1034 1687 ubi
1095 1650 1219 1705 opus
1280 1632 1428 1687 fuerit
1488 1633 1838 1703 instauranda,

114 1744 206 1798 pro
247 1725 391 1781 laicis
434 1727 484 1780 in
528 1727 692 1782 officio
736 1725 1071 1795 continendiS,
1097 1746 1189 1800 pro
1233 1726 1460 1782 moribus
1487 1726 1838 1797 emendandiS,

114 1833 161 1875 et
202 1823 372 1895 pravis
417 1821 590 1877 usibus
634 1821 885 1878 tollendis,

195 1913 324 1971 Cum
378 1936 494 1972 vero
538 1915 778 1990 Episcopi
839 1929 970 1972 recte
1012 1916 1154 1988 fungi
1197 1917 1486 1973 muneribus
1546 1919 1698 1974 officii
1760 1920 1836 1973 sui

114 2028 213 2065 non
255 2011 467 2084 possint,
493 2011 591 2065 nisi
610 2010 754 2081 qreqi
780 2027 870 2064 suo
895 2011 1189 2083 inviqic‘ent)
1216 2023 1365 2083 atque
1392 2012 1627 2066 assistant
1657 2010 1832 2084 (Cone.

114 2102 261 2160 Trid.
306 2123 428 2161 sess,
477 2106 546 2159 23
592 2124 702 2179 cap.
752 2107 776 2158 1
828 2106 889 2160 de
933 2105 1192 2178 reform),
1222 2126 1529 2180 consequens
1573 2119 1666 2178 est,
1706 2119 1756 2162 ut
1782 2109 1835 2162 in

112 2195 342 2255 Dioecesi
383 2198 621 2269 residere,
664 2201 769 2255 sive
812 2204 1118 2257 commorari
1162 2200 1395 2271 debeant,
1441 2221 1599 2276 neque
1654 2202 1835 2256 iisdem

113 2291 263 2347 liceat
341 2294 390 2347 in
468 2292 583 2349 aliis
645 2296 835 2350 versari
895 2295 1206 2365 regionibus,
1287 2296 1461 2352 relicto
1523 2315 1692 2368 grege,
1754 2297 1834 2351 cui

112 2388 387 2461 praepositi
429 2400 559 2445 sunt.
605 2386 797 2444 Deinde
839 2408 952 2444 cum
996 2390 1215 2445 officium
1258 2402 1306 2446 et
1348 2391 1635 2446 sollicitudo
1687 2388 1836 2465 Epis-

114 2483 226 2555 copi
269 2499 368 2536 non
411 2484 462 2537 in
505 2483 723 2556 aliquem
767 2482 932 2539 locum
976 2495 1061 2539 aut
1103 2496 1296 2559 partem
1339 2482 1618 2554 DioecesiS,
1661 2484 1748 2540 sed
1782 2486 1835 2539 in

113 2585 268 2630 totam
328 2575 611 2633 Dioeeesim
671 2580 834 2653 ipsam
912 2577 1131 2649 feratur,
1194 2579 1310 2635 hinc
1380 2580 1508 2633 inter
1566 2581 1836 2653 praecipua

117 2670 275 2742 ipsius
322 2690 527 2727 munera
572 2685 854 2728 recensetur
897 2675 1046 2729 totius
1090 2672 1347 2730 Dioecesis
1400 2674 1640 2742 visitatio,
1684 2694 1835 2746 quam

116 2763 222 2836 ipse
266 2784 353 2837 per
389 2768 729 2841 semetipsum,
761 2768 837 2822 vel
880 2769 924 2823 si
950 2767 1175 2840 legitimo
1205 2767 1561 2842 impedimento
1590 2780 1832 2838 teneatur,

115 2876 204 2931 per
248 2858 400 2914 alium
445 2862 753 2918 visitatorem
798 2862 939 2921 obire
982 2862 1147 2931 debet,
1191 2874 1237 2917 et
1293 2861 1335 2917 si
1395 2863 1667 2934 quotannis
1711 2881 1834 2936 pro-
