2114 3289
650 103 694 178 §-
740 127 877 162 me.
927 127 987 162 DE
1034 126 1362 164 PATmARcffls
1674 111 1781 163 167

146 231 368 306 plurium
435 230 807 305 provinciarum
873 230 1156 301 insignibus
1224 229 1506 304 privilegiis
1565 240 1612 284 et
1667 230 1866 302 juribus

151 338 407 396 augeatur.

228 418 504 487 Quaeritur
563 418 727 491 itaque
790 417 1039 472 undenam
1088 418 1202 488 jura
1253 430 1300 472 et
1342 419 1610 492 privilegia
1653 419 1869 493 patriar-

145 514 367 568 chalium
411 511 620 568 Sedium
663 525 771 568 orta
814 508 954 567 sint?
999 510 1072 566 De
1115 510 1314 582 Marca,
1357 510 1611 583 Valesius,
1655 511 1870 583 PagiUS,

144 604 400 676 Allatius,
443 605 849 675 Thomassinus,
900 606 1087 679 aliique
1147 606 1430 661 doctissimi
1491 607 1587 661 viri
1647 608 1868 681 primam

148 702 503 775 patriarchalis
557 702 816 775 potestatis
872 702 1120 771 originem
1162 698 1483 774 Apostolicae
1526 701 1869 770 institutioni,

144 796 240 850 hoc
267 807 359 865 est,
388 794 441 851 S.
471 794 622 851 Petro
667 795 972 865 attribuunt,
1015 806 1188 849 contra
1234 814 1349 850 vero
1384 793 1654 870 Dupinius,
1681 795 1868 868 aliique

145 892 440 963 praesertim
486 892 782 945 recentiores
827 886 1131 945 Canonistae
1175 907 1274 944 non
1317 887 1605 964 ApostoliS,
1649 889 1737 944 sed
1781 907 1869 944 an-

143 985 297 1057 tiquis
342 983 682 1039 Ecclesiarum
727 984 951 1039 moribus
997 994 1252 1057 acceptam
1304 982 1540 1040 referunt⁶
1601 980 1713 1040 Nos
1775 1002 1867 1058 pro

142 1080 356 1134 instituti
400 1080 558 1134 nostri
603 1080 796 1134 ratione
839 1089 1132 1149 argumenta
1170 1079 1428 1152 utriusque
1454 1080 1727 1134 sententiae
1752 1077 1866 1134 bre-

147 1174 273 1228 viter
313 1173 671 1229 indicabimus.

225 1265 399 1339 ltaque
441 1266 704 1336 Doctores,
732 1268 818 1340 qui
862 1265 1282 1323 Patriarcharum
1324 1268 1573 1338 originem
1599 1287 1628 1323 a
1658 1269 1868 1342 receptis

142 1360 484 1418 Ecclesiarum
528 1361 752 1417 moribus
796 1361 1062 1431 derivant,
1115 1363 1184 1416 ita
1246 1363 1628 1419 ratiocinantur.
1690 1352 1866 1429 Quum

143 1455 368 1511 Ecclesia
395 1454 761 1526 Alexandrina,
789 1467 835 1510 et
862 1453 1176 1511 Antiochena
1218 1455 1440 1530 plurium
1483 1456 1863 1529 provinciarum

139 1562 301 1605 essent
328 1552 512 1625 capita,
548 1550 612 1605 ad
646 1569 770 1623 quas
814 1549 1026 1624 proinde
1069 1551 1219 1605 ceteri
1260 1547 1502 1624 Episcopi
1546 1551 1864 1621 negotiorum

139 1664 290 1701 causa
350 1644 632 1717 frequentes
692 1645 1089 1715 conveniebant,
1150 1663 1304 1717 quum
1364 1646 1516 1699 etiam
1568 1643 1634 1699 ab
1675 1644 1860 1700 iisdem

139 1738 356 1794 Sedibus
400 1740 488 1793 lux
519 1740 838 1809 evangelicae
866 1739 1090 1793 veritatis
1116 1738 1557 1793 circumstantibus
1584 1739 1862 1811 provinciis

143 1833 413 1903 refulserit,
457 1834 574 1888 hinc
618 1831 805 1888 factum
849 1845 940 1902 est,
975 1843 1027 1886 ut
1068 1851 1240 1887 earum
1284 1830 1524 1906 Episcopi
1568 1831 1720 1887 veluti
1763 1831 1865 1889 Pa-

140 1940 303 1984 rentes
348 1929 564 1983 aliarum
606 1927 949 1982 Ecclesiarum
991 1927 1313 1996 haberentur,
1340 1937 1386 1980 et
1428 1944 1699 2000 progressu
1742 1939 1864 1983 tem-

140 2024 317 2096 poriS,
377 2021 644 2097 Episcopis
698 2039 798 2077 non
840 2021 1273 2096 repugnantibus,
1315 2020 1566 2095 quaedam
1608 2021 1708 2077 sibi
1748 2022 1863 2093 jura

142 2137 293 2191 super
320 2118 446 2173 alias
476 2116 730 2173 Ecclesias
775 2116 1106 2173 vindicarent.
1149 2114 1279 2171 Rem
1306 2135 1423 2172 vero
1448 2118 1519 2171 ita
1548 2134 1600 2171 se
1628 2116 1867 2173 habuisse

142 2212 264 2267 satis
325 2224 634 2286 compertum
694 2231 801 2267 esse
859 2212 1150 2267 existimant
1208 2230 1271 2266 ex
1322 2230 1510 2267 canone
1564 2216 1597 2266 6
1644 2209 1864 2268 Concilii

137 2304 374 2376 Nicaeni,
419 2309 505 2380 qui
545 2319 618 2362 est
658 2306 988 2378 hujusmodi:
1035 2305 1252 2378 Antiqui
1293 2324 1458 2361 mores
1500 2317 1766 2362 servemur
1807 2308 1866 2361 in

138 2405 388 2475 Aeqypm,
415 2403 600 2474 Lybia,
628 2413 674 2457 et
718 2401 1015 2475 Pentapoli,
1043 2412 1100 2456 ut
1141 2401 1538 2457 Aleaeanclrinus
1580 2402 1861 2475 Episcopus

137 2495 321 2551 horum
363 2498 592 2551 omnium
634 2497 815 2552 habeat
857 2508 1172 2571 potestatem.
1231 2496 1404 2554 Verba
1460 2498 1594 2552 enim
1654 2516 1863 2561 ANTIQUI

136 2611 305 2649 nomas
344 2613 643 2650 SERVENTUR
685 2594 994 2649 arbitrantur
1036 2594 1158 2649 satis
1200 2593 1461 2650 ostendere
1505 2610 1604 2647 non
1645 2593 1726 2663 jus
1769 2611 1859 2648 no-

141 2706 256 2741 vum
300 2708 328 2743 a
372 2687 602 2745 Concilio
646 2689 941 2759 conditum,
986 2688 1073 2744 sed
1135 2701 1349 2744 veterem
1409 2687 1857 2758 consuetudinem,

138 2800 237 2854 qua
278 2783 357 2852 jus
400 2784 795 2857 patriarchicum
839 2784 1116 2853 nitebatur,
1160 2782 1508 2839 confirmatam
1552 2800 1679 2838 esse.
1724 2779 1857 2838 Con-

140 2876 347 2933 cludunt
389 2878 546 2949 igitur
586 2877 1002 2936 Patriarcharum
1047 2889 1339 2951 potestatem
1384 2876 1609 2933 moribus
1652 2888 1700 2932 ct
1739 2896 1857 2935 con-
