2114 3289
392 101 438 177 §-
467 123 642 161 vanl.
674 121 735 157 m:
761 123 885 158 som:
912 121 1220 165 Acommznm
1249 122 1308 156 ET
1338 120 1634 157 Possmssnm
1682 106 1790 157 259

148 226 274 302 jure
328 227 504 281 divino
554 225 610 279 in
651 223 756 296 leqe
799 242 970 291 nova,
1013 235 1069 277 ut
1104 234 1248 296 patet
1289 224 1346 278 in
1380 223 1666 296 praeceptis
1710 227 1873 277 Deca-

151 320 295 393 l09i3
356 318 602 374 alienatio
661 329 831 371 aulem
889 319 1137 371 bonorum
1197 317 1454 371 Ecclesiae
1499 316 1674 388 primo
1724 317 1876 369 modo

149 426 348 487 sumpta
400 411 585 484 procul
646 412 802 465 (lubio
855 423 1032 465 contra
1069 411 1160 484 jus
1202 409 1440 464 naturale
1483 410 1689 464 violetur
1733 427 1830 464 esse
1851 429 1875 479 ,·

151 527 270 562 nam
321 526 435 561 cum
485 508 581 560 ista
633 507 763 560 bona
823 505 1076 560 Ecclesiae
1137 517 1399 575 tamquam
1459 505 1528 558 acl
1579 504 1696 575 pios
1755 520 1874 557 usus

151 602 298 655 unice
343 600 549 666 collata,
581 612 624 654 et
668 600 758 653 ltoc
800 617 945 653 sensu
981 599 1361 671 patrimonium
1407 598 1594 652 Christi
1637 599 1725 652 sub
1768 598 1876 651 sola

151 695 515 750 Praelalorum
570 695 717 768 fideli
777 694 1009 748 custodia
1070 694 1333 760 existant)
1378 693 1495 746 icleo
1540 711 1599 747 ea
1641 692 1872 746 alienare

148 791 254 844 sine
292 789 438 863 justa
481 808 664 855 caasa2
710 800 828 843 esset
872 807 930 842 ea
974 787 1269 860 dilapidare
1315 799 1357 841 et
1403 786 1595 860 injuste
1641 786 1873 841 alienare

147 902 255 937 rem
307 885 532 938 alienam
545 927 565 951 ,
609 885 745 954 qaocl
781 883 901 956 juri
944 882 1176 936 natmali
1219 882 1392 952 utique
1436 882 1740 935 adversatur
1752 924 1772 948 ,
1816 899 1874 935 ac

141 990 417 1050 propterea
462 999 726 1034 RAPTORES
770 978 1052 1032 alienantes
1096 977 1341 1030 (licuntur
1384 995 1496 1032 can.
1531 997 1702 1032 onnes
1730 996 1870 1032 EGGL.

148 1092 411 1128 RAPTORES
454 1091 590 1128 caus.
640 1075 706 1126 17
755 1090 802 1143 q.
851 1076 901 1127 4.
953 1071 1094 1126 Uncle
1139 1070 1250 1142 quis
1294 1071 1487 1124 dubitet
1532 1071 1870 1142 eosdempec-

148 1186 263 1222 care
308 1179 485 1222 contra
528 1168 686 1239 legem
730 1165 1011 1222 divinam?

226 1260 400 1335 Itaque
443 1275 812 1333 argumentum,
857 1262 992 1334 quod
1037 1282 1063 1315 a
1115 1262 1222 1333 lege
1284 1262 1344 1316 de
1403 1263 1549 1317 bonis
1612 1260 1868 1316 Ecclesiae

148 1375 245 1411 non
289 1357 569 1411 alienandis
613 1357 678 1411 ad
724 1357 956 1411 tuendam
1002 1357 1408 1410 amortizazionis
1452 1356 1612 1425 legem
1658 1356 1872 1410 adhibe-

148 1462 244 1519 tur,
287 1451 414 1505 nihil
458 1452 654 1524 probat:
702 1452 958 1522 utriusque
985 1451 1118 1504 enim
1149 1449 1272 1520 legis
1318 1449 1493 1523 dispar
1535 1449 1759 1504 conditio
1798 1462 1871 1504 est

146 1564 205 1601 ex
250 1545 443 1618 dispari
488 1545 584 1599 fine
626 1557 672 1599 et
717 1558 894 1599 natura
945 1563 1133 1613 rerum3
1177 1547 1227 1599 in
1291 1547 1599 1614 argumentis
1663 1564 1778 1599 vero
1842 1565 1870 1599 a

145 1640 256 1713 pari
300 1652 491 1713 oportet
535 1641 702 1695 omnia
746 1659 853 1694 esse
897 1640 1058 1712 paria.

221 1732 352 1788 Illud
396 1735 541 1790 tertio
584 1734 692 1789 1060
737 1734 994 1803 objicitur,
1039 1734 1197 1805 legem
1240 1735 1639 1789 amortizationis
1668 1734 1858 1807 publici

146 1828 266 1884 boni
311 1848 460 1883 causa
504 1828 658 1882 latam
701 1847 828 1896 esse,
873 1846 932 1882 ne
976 1847 1062 1901 per
1106 1830 1328 1898 ingentes
1373 1827 1629 1883 Ecclesiae
1659 1825 1868 1883 divitias

146 1922 429 1995 respublica
474 1922 826 1976 detrimentum
870 1934 1086 1996 caperet3
1134 1922 1283 1994 idque
1328 1934 1591 1996 propterea
1635 1942 1697 1976 ex
1740 1923 1862 1993 legi-

144 2019 266 2071 tima
309 2036 459 2071 eausa
501 2015 688 2070 factum
730 2035 857 2084 esse,
901 2017 1020 2088 quia
1065 2018 1243 2090 optimi
1295 2014 1551 2090 Principis
1596 2030 1670 2072 est
1733 2018 1869 2072 utili-

144 2122 294 2165 tatem
338 2110 593 2184 publicam
638 2111 782 2165 tueri.

223 2202 288 2259 At
330 2203 583 2278 aliquibus
629 2202 917 2260 Canonistis
962 2224 1019 2260 ea
1061 2206 1143 2261 lex
1205 2205 1401 2260 videtur
1443 2206 1494 2259 in
1538 2205 1666 2262 falsa
1723 2226 1867 2280 prae-

143 2302 424 2374 sumptione
466 2298 688 2354 fundari:
734 2300 772 2354 ii
815 2318 1029 2373 namque
1073 2301 1363 2354 existimant
1426 2312 1616 2355 tantum
1671 2297 1865 2370 abesse,

143 2406 194 2450 ut
236 2394 366 2450 bona
410 2396 460 2448 in
503 2393 783 2449 Ecclesiam
833 2407 880 2449 et
922 2392 1057 2451 Loca
1109 2393 1204 2450 Pia
1248 2395 1488 2450 translata
1558 2395 1864 2468 reipublicae

141 2505 368 2559 noceant,
412 2500 464 2543 ut
505 2489 655 2544 etiam
700 2491 919 2544 maxime
961 2490 1173 2563 prosint.
1221 2487 1277 2542 In
1305 2490 1400 2545 hoc
1429 2502 1722 2559 argumento
1766 2488 1864 2545 late

144 2597 362 2639 versatus
426 2595 499 2638 est
559 2582 620 2640 P.
665 2581 913 2639 Antonius
974 2582 1166 2655 Desing
1226 2585 1419 2654 integro
1499 2581 1670 2652 libre,
1724 2585 1865 2655 cujus

141 2678 401 2752 inscriptio
446 2690 519 2733 est
561 2698 586 2735 ((
629 2682 756 2750 Opes
799 2679 1089 2735 Sacerdotii
1133 2675 1563 2750 mlmreipubliae
1596 2680 1786 2733 noxiae
1813 2691 1861 2747 )),

140 2771 225 2826 11111
259 2773 534 2828 rationibus
578 2784 623 2828 et
664 2772 809 2829 factis
838 2774 1146 2830 demonstrat
1190 2784 1310 2845 quot
1352 2782 1397 2826 et
1448 2785 1658 2845 quantas
1687 2792 1747 2827 ex
1792 2774 1853 2829 iis

140 2867 317 2940 opibus
363 2867 598 2924 utilitates
625 2870 892 2942 imperium
919 2869 1064 2924 civile
1092 2869 1384 2941 perceperit„
1413 2879 1463 2921 ut
1491 2867 1704 2939 denique
1732 2886 1848 2925 con-
