2114 3289
558 106 601 182 §-
649 130 746 165 le.
796 130 854 164 DE
899 129 1019 164 June
1066 125 1460 163 Amnms‘rnAnm
1670 108 1782 161 199

143 235 447 309 Pontificiae
500 251 558 286 ac
601 249 825 285 summae
872 230 1261 303 jurisdictionis
1302 239 1432 283 certe
1475 226 1772 280 immediate
1818 239 1861 282 et

130 329 378 402 proecime
421 345 453 381 a
495 330 604 381 Deo
647 336 756 396 est3
801 344 914 379 cum
967 325 1104 379 enim
1164 323 1419 378 Electores
1479 323 1657 393 Papae
1717 320 1867 375 illam

131 423 555 499 jurisdictionem
611 440 714 476 non
773 421 1103 486 contineant,
1148 437 1261 474 eam
1302 437 1334 473 a
1377 437 1424 472 se
1466 417 1524 472 in
1566 415 1869 490 Subjectum

136 518 276 590 quod
317 517 542 589 eliqunt,
586 515 823 571 derivare
865 533 969 568 non
1005 524 1234 587 possunt.
1280 513 1428 567 Niltil
1468 511 1633 583 igitur
1675 521 1866 583 ayunt,

134 612 239 666 nisi
279 622 337 665 ut
370 629 646 684 personam
688 609 975 680 designent,
1019 609 1103 663 cui
1148 607 1376 663 Cli-riscus
1411 616 1712 679 potestatem
1754 622 1861 659 ase

133 706 421 761 institutam
480 704 758 760 secundum
812 702 1206 775 promissionem
1265 719 1410 756 stiam
1454 701 1576 755 dein
1617 699 1865 771 conferat.

132 799 405 871 Sinyulari
463 799 554 853 ltoc
614 796 848 870 ememplo
908 796 1222 851 abutendum
1281 813 1385 849 non
1438 806 1505 848 est
1548 793 1618 848 acl
1659 792 1867 865 quaevis

135 893 246 949 alia
270 911 460 965 qenera
487 893 723 958 collatae,
751 904 796 945 et
830 901 1061 964 acceptae
1096 890 1379 963 potestatis,
1431 888 1515 944 Uti
1559 887 1697 942 enim
1738 887 1864 959 Epi-

137 1004 313 1060 scopus
355 987 413 1041 in
437 987 764 1058 Presbyteros
800 984 1228 1060 jurisdictionem
1263 1001 1363 1056 pro
1395 983 1510 1055 foro
1535 983 1762 1048 interim,
1789 980 1867 1035 vel

133 1083 290 1137 etiam
340 1093 554 1138 eaeterno
597 1081 842 1152 clericam
885 1083 955 1135 sic
996 1098 1101 1134 non
1141 1089 1433 1152 repitqnat,
1476 1089 1533 1133 ut
1575 1077 1866 1149 Pontifex,

132 1176 190 1230 in
232 1194 330 1248 quo
374 1188 444 1232 est
477 1176 752 1249 plenitudo
794 1193 967 1229 sacrae
1010 1175 1313 1248 potestati3‚
1375 1173 1490 1247 ejus
1542 1182 1747 1244 partem
1808 1171 1868 1224 in

131 1270 247 1325 illos
269 1272 604 1338 transmittat,
631 1271 721 1342 qui
750 1271 807 1324 in
826 1280 1032 1342 partem
1063 1268 1430 1323 sollicitudinis
1471 1266 1646 1320 vocari
1688 1265 1866 1320 solent.

220 1365 383 1422 Multa
427 1367 530 1422 dici
572 1378 776 1441 possent
817 1367 870 1419 in
913 1377 1177 1437 utramque
1220 1365 1536 1431 sententiam,
1581 1379 1755 1417 verum
1798 1360 1864 1416 ad

138 1460 215 1530 id,
257 1480 357 1534 quo
400 1472 703 1535 spectamus,
746 1477 844 1514 non
887 1470 961 1513 est
1001 1476 1239 1528 necesse3
1283 1457 1429 1512 nobis
1471 1458 1525 1511 in
1568 1456 1738 1511 animo
1790 1465 1867 1509 est

138 1567 340 1626 tyrones
382 1574 747 1630 praemonere,
791 1573 850 1610 ne
893 1555 946 1609 in
987 1572 1210 1609 errorem
1253 1552 1586 1620 inducantur,
1628 1570 1686 1606 eo
1731 1549 1868 1624 quod

135 1649 294 1722 aliqui
355 1647 661 1705 Canonistae
713 1650 765 1703 in
807 1668 868 1704 ea
909 1648 1202 1721 quaestione
1243 1644 1599 1720 pertractanda
1643 1646 1714 1699 ita
1759 1663 1868 1699 ver-

141 1755 335 1813 santur,
378 1754 430 1797 ut
473 1754 557 1797 aut
600 1741 990 1815 Episcoporum,
1034 1752 1119 1795 aut
1161 1738 1449 1808 Pontificis,
1475 1749 1521 1792 et
1561 1739 1713 1808 hujus
1758 1756 1864 1792 ma-

136 1838 290 1907 xime,
318 1848 613 1911 potestatem
654 1835 957 1910 deprimant.
1004 1833 1297 1891 Cavendum
1342 1835 1510 1905 itaque
1554 1832 1618 1887 ab
1662 1833 1725 1887 iis
1768 1843 1862 1900 est,

134 1932 221 2003 qui
281 1942 481 1986 censent
532 1940 827 2003 potestatem
879 1928 1248 2002 Episcoporum
1292 1928 1363 1982 sic
1408 1946 1436 1980 a
1480 1924 1727 1981 Pontifice
1771 1927 1864 1980 im-

133 2025 347 2098 pertiri,
391 2023 599 2098 perinde
642 2042 699 2078 ac
743 2024 787 2078 si
830 2022 1070 2097 Episcopi
1114 2022 1366 2090 ministri,
1412 2032 1496 2075 aut
1538 2021 1718 2075 vicarii
1761 2018 1869 2074 Ro-

136 2120 274 2173 mani
331 2117 598 2174 Pontificis
663 2128 866 2187 essent3
910 2118 1127 2188 itemque
1171 2115 1235 2169 ab
1278 2116 1382 2185 iis9
1427 2116 1514 2187 qui
1557 2114 1869 2169 arbitrantur

137 2230 248 2266 eam
290 2223 584 2286 potestatem
628 2211 919 2266 immediate
962 2230 990 2265 a
1032 2209 1140 2264 Deo
1183 2211 1253 2264 ita
1297 2208 1535 2277 conferri„
1571 2220 1623 2263 ut
1657 2207 1868 2281 Episco-

89 2351 91 2353 ι
135 2325 227 2380 pos
270 2307 575 2361 constituant
616 2305 768 2360 veluti
806 2308 1132 2375 Correqentes
1159 2303 1434 2373 Ecclesiae,
1462 2304 1539 2358 vel
1566 2302 1865 2375 optimates,

137 2397 346 2456 Nemini
411 2401 567 2469 igitur
608 2401 720 2474 plus
765 2398 1125 2468 tribuendum,
1169 2417 1321 2472 quam
1367 2400 1550 2453 veritas
1596 2399 1706 2470 ipsa
1751 2415 1869 2450 con-

137 2495 315 2564 cedat,
379 2493 591 2567 ideoque
651 2496 702 2549 in
765 2494 1003 2548 alterutra
1056 2494 1299 2550 sententia
1344 2511 1540 2565 semper
1583 2490 1647 2545 ob
1691 2490 1865 2545 oculos

140 2589 429 2644 habendum
463 2600 556 2657 est„
585 2587 863 2662 Episcopos
906 2606 1012 2642 esse
1057 2607 1198 2643 veros
1244 2585 1481 2641 Pastores
1526 2585 1865 2655 Rectoresqne

140 2701 345 2737 suarum
389 2685 580 2752 ovium,
617 2682 704 2738 sed
748 2694 912 2736 tamen
956 2685 1181 2755 ipsorum
1226 2691 1520 2755 potestatem
1564 2682 1694 2734 intra
1742 2678 1862 2732 sines

142 2775 458 2831 Dioccesium
503 2778 766 2846 contineri,
794 2788 840 2830 et
883 2775 1092 2832 Summo
1137 2775 1374 2830 Pontifici
1419 2773 1693 2827 obnoxiam
1738 2791 1862 2826 esse.

221 2868 490 2942 Disputant
532 2873 704 2939 etiam,
733 2890 859 2943 quae
903 2872 967 2924 sit
1009 2869 1335 2924 ecclesiastici
1384 2868 1643 2937 regiminis
1685 2865 1867 2929 forma„

144 2983 206 3019 an
257 2964 618 3033 (Ιωηοεναιίοα,
665 2984 725 3020 an
770 2963 1144 3031 aristocratica,
1191 2982 1252 3018 an
1300 2982 1412 3016 vcro
1460 2959 1821 3021 ›nmmrcht'ca.·“
