2114 3289
670 116 712 189 S.
761 141 891 177 Lvm.
940 140 998 174 ne
1045 139 1322 176 ELECTIONE
1660 120 1767 172 213

220 243 282 299 At
329 265 440 299 vero
485 247 587 300 sive
630 263 691 297 ex
735 263 844 299 can.
894 247 925 296 2
971 241 1186 298 Concilii
1230 239 1444 296 Nicaeni
1507 238 1574 307 ll,
1638 250 1684 292 et
1744 257 1854 293 can.

147 342 217 390 22
261 338 475 393 Concilii
519 336 1058 411 Constantinopolitani
1105 335 1195 404 IV,
1239 336 1419 408 quibus
1463 334 1581 389 laici
1624 333 1852 387 homines

143 432 205 486 ab
248 431 571 487 electionibus
617 431 1028 501 exeludehanmr,
1072 432 1175 484 sive
1218 449 1279 483 ex
1323 448 1432 484 can.
1483 431 1552 482 35
1599 426 1716 481 dist.
1765 428 1859 492 63,

141 543 239 597 quo
282 526 527 580 sancitum
570 537 662 594 est,
705 538 756 580 ut
799 544 826 579 a
871 522 1141 579 Canonicis
1185 525 1290 577 sine
1340 522 1513 596 populi
1572 518 1858 575 testimonio

142 640 198 675 ac
241 620 479 691 suffragio
523 621 761 695 Episcopi
803 621 1121 690 eligerentur,
1166 620 1269 674 sive
1313 619 1525 690 denique
1553 636 1615 671 ex
1653 631 1858 670 consue-

142 713 311 768 tudine
362 711 670 788 (unicuique
729 715 860 768 enim
920 714 1100 768 harum
1161 715 1312 767 trium
1363 711 1717 766 sententiarum
1778 706 1856 763 sui

142 809 340 880 patroni
383 810 648 864 extiterunt
673 804 710 878 ),
754 807 938 862 factum
981 819 1072 876 est,
1117 819 1169 862 ut
1211 806 1421 881 populus
1466 805 1530 860 ab
1584 802 1862 877 Episcopo-

139 920 318 975 porum
361 902 684 958 electionibus
728 920 931 975 prorsus
971 906 1310 969 'amoveretur9
1364 900 1508 954 citius
1553 896 1758 971 quidem
1803 896 1855 949 in

144 993 357 1066 Graeca,
400 1017 551 1069 quam
594 999 645 1052 in
687 994 867 1051 Latina
911 994 1157 1065 Ecclesia3
1200 1007 1247 1050 et
1308 993 1440 1068 apud
1502 989 1722 1048 Graecos
1783 990 1862 1059 jus

147 1108 290 1145 omne
333 1091 549 1162 eligendi
593 1092 698 1146 sine
742 1090 842 1144 ullo
886 1090 1057 1164 populi
1101 1090 1386 1144 testimonio
1430 1099 1514 1142 aut
1541 1085 1781 1155 suffragio
1810 1084 1863 1137 in

146 1182 411 1259 Episcopis
454 1186 745 1260 permansit:
810 1183 942 1258 apud
1002 1181 1209 1239 Latinos
1272 1202 1388 1238 vero
1451 1181 1514 1237 ad
1577 1177 1860 1234 Canonicos

148 1281 369 1334 vacantis
430 1278 683 1335 Ecclesiae
743 1276 1063 1334 Cathedralis
1126 1277 1345 1333 delatum
1405 1287 1494 1331 est.
1570 1270 1723 1342 Quod
1781 1270 1861 1339 jus

147 1373 422 1442 obtinebat,
465 1393 576 1428 cum
619 1372 903 1427 Decretales
948 1370 1184 1442 Gregorii
1228 1368 1305 1425 IX
1346 1368 1656 1444 prodierunt.

225 1463 362 1521 Nam
405 1468 497 1521 etsi
537 1468 646 1537 jure
688 1466 861 1521 divino
904 1485 967 1520 ex
1010 1462 1206 1520 Christi
1249 1463 1558 1519 institutione
1620 1460 1777 1514 fixum
1819 1467 1867 1511 et

146 1560 458 1615 immutabile
500 1561 565 1616 sit
607 1560 855 1615 neminem
914 1559 1021 1614 fore
1080 1558 1361 1628 legitimum
1405 1555 1660 1610 Ecclesiae
1713 1549 1870 1607 Mini-

149 1666 327 1724 strum‚
370 1654 459 1725 qui
500 1672 589 1708 nec
632 1654 695 1708 ab
738 1652 1073 1708 ecclesiastica
1116 1661 1161 1705 et
1204 1650 1452 1704 canonica
1496 1657 1740 1721 potestate
1772 1645 1871 1699 rite

149 1748 439 1818 ordinatim,
480 1766 570 1803 nec
611 1748 791 1802 missus
830 1747 1010 1819 fuerit,
1074 1765 1201 1820 quae
1259 1757 1333 1801 est
1386 1743 1611 1798 definitio
1655 1737 1873 1796 Concilii

149 1842 436 1899 Tridentini
479 1863 600 1900 sess,
651 1846 720 1898 23
767 1863 875 1898 can.
928 1848 978 1911 7,
1023 1842 1159 1915 qnod
1202 1853 1367 1895 tamen
1411 1839 1476 1895 ad
1529 1838 1744 1893 formam
1777 1835 1874 1889 ele-

149 1939 369 1993 ctionum
410 1939 601 2007 attinet,
645 1935 877 1993 Christus
920 1955 1030 1991 eam
1076 1954 1179 1991 rem
1224 1935 1434 1989 arbitrio
1462 1932 1717 1987 Ecclesiae
1757 1930 1872 1985 reli-

151 2033 279 2105 quit;
322 2032 457 2107 quod
518 2051 580 2087 ex
640 2034 778 2087 varia
839 2030 1205 2104 Episcoporum
1273 2027 1618 2098 eligendorum
1680 2025 1871 2078 ratione

155 2125 477 2182 manifestum
520 2138 610 2182 est.
656 2124 794 2194 Quia
838 2145 953 2181 vero
997 2123 1217 2180 Romani
1260 2121 1553 2189 Peiltifice5‚
1598 2131 1649 2173 ut
1692 2118 1782 2173 lib.
1823 2115 1873 2171 ΙΙ

152 2213 197 2291 S.
245 2224 315 2275 28
359 2220 751 2276 demonstratum
794 2231 886 2288 est,
930 2230 1223 2293 potestatem
1275 2214 1604 2271 creandorum
1666 2212 1875 2286 Episco-

153 2333 330 2388 porum
374 2313 616 2370 divinitus
659 2325 971 2388 acceperunt,
1016 2312 1228 2381 idcirco,
1272 2312 1377 2365 sine
1420 2326 1591 2364 eorum
1630 2323 1874 2362 consensu

154 2420 201 2463 et
243 2409 534 2463 auctoritate
576 2406 882 2481 Episcopum
926 2409 1225 2462 constituere
1268 2404 1345 2460 fas
1388 2415 1460 2459 est
1501 2402 1713 2470 nemini3
1775 2400 1873 2473 ipsi

151 2502 283 2573 leges
310 2501 570 2571 dederunt,
595 2520 657 2555 ex
683 2520 895 2574 quarum
938 2501 1246 2574 praescripto
1290 2499 1552 2553 electiones
1586 2494 1695 2548 fieri
1725 2493 1873 2548 debe-

157 2608 283 2665 rent,
326 2608 460 2651 ortas
504 2595 565 2649 de
605 2595 783 2650 iisdem
810 2595 1177 2650 controversias
1204 2592 1568 2663 dijudicarunt9
1596 2600 1642 2642 et
1678 2588 1874 2658 rejectis

155 2692 219 2746 iis
262 2692 348 2762 qui
391 2709 489 2745 non
532 2690 750 2760 legitime
793 2689 953 2757 electi,
998 2700 1082 2743 aut
1125 2689 1289 2742 minus
1333 2684 1500 2739 idonei
1544 2693 1703 2749 erant,
1749 2681 1875 2735 alios

159 2803 247 2838 suo
289 2783 448 2838 lubitu
490 2783 768 2858 Episcopos
810 2784 1169 2850 consituerunt‚
1215 2792 1360 2852 atque
1394 2779 1545 2832 etiam
1579 2786 1872 2849 potestatem

158 2877 270 2933 aliis
307 2876 495 2946 datam,
523 2896 633 2933 cum
663 2878 821 2933 visum
865 2887 936 2931 est
964 2875 1016 2931 id
1046 2877 1199 2930 satius
1229 2892 1354 2941 esse9
1384 2871 1448 2925 ad
1475 2890 1526 2926 se
1557 2879 1870 2924 revocarunt.

1331 2968 1436 3021 14*
