2114 3289
413 130 458 206 ἵ.
491 152 694 188 xxxvu.
726 151 785 186 ne
812 151 933 186 Jqu
962 149 1247 186 REGIPIENDI
1275 149 1588 185 nELATtoNEs
1670 132 1775 182 147

146 275 257 312 rum
300 259 517 325 nomine9
561 274 659 310 non
688 267 875 309 tautum
903 254 1085 309 dubiae
1113 254 1229 308 fidei
1258 265 1303 308 et
1330 253 1629 327 disciplinae
1661 270 1859 321 causae,

147 351 233 406 sed
277 350 548 404 universim
600 367 778 404 causae
838 368 1007 404 omnes
1059 360 1105 402 et
1158 348 1380 419 negotia,
1442 366 1568 421 quae
1610 347 1861 418 gravioris

147 445 382 499 momenti
426 455 557 512 sunt,
593 444 953 513 intelliguntur.
993 441 1167 515 Itaque
1207 444 1286 513 jus
1323 443 1417 497 hoc
1461 440 1685 497 Romani
1726 439 1862 495 Pon-

144 538 293 592 tificis
336 556 434 592 non
479 537 627 592 modo
673 537 857 607 singuli
909 538 1094 609 quique
1137 534 1479 591 Ecclesiarum
1531 534 1771 591 Rectores
1815 545 1861 589 et

145 629 341 701 Patres,
386 650 556 686 verum
584 632 733 685 etiam
761 630 1034 704 peculiares
1075 629 1349 699 Ecclesiae,
1377 631 1584 705 ipsaque
1633 627 1862 685 Concilia

143 724 476 781 Oecumenica
530 736 855 797 agnoverunt.
907 722 1215 795 Hujusmodi
1277 725 1576 779 relationum
1630 722 1859 798 exempla

142 832 274 889 sunt,
320 817 701 875 Corinthiorum
764 819 927 893 primo
971 819 1074 889 jam
1135 819 1334 873 saeculo
1397 818 1457 872 de
1500 819 1687 873 exortis
1732 819 1862 872 inter

145 915 280 989 ipsos
309 914 707 970 dissensionibus
753 914 816 969 ad
844 912 1151 969 Clementem
1196 912 1255 983 13
1294 912 1347 971 S.
1394 912 1639 988 Cypriani
1667 915 1717 968 in
1746 933 1863 969 con-

139 1011 384 1065 troversia
430 1009 490 1064 de
544 1009 930 1063 reconciliandis
985 1009 1139 1082 lapsis
1185 1009 1249 1064 ad
1303 1006 1632 1077 Cornelium3
1677 1006 1859 1078 Cyrilli

143 1101 479 1158 Alexandrini
524 1105 573 1158 in
602 1121 751 1157 causa
795 1099 1022 1158 Nestorii
1066 1102 1130 1157 ad
1158 1101 1531 1158 Caelestinum:
1577 1108 1725 1157 Vetus
1767 1103 1864 1154 Ec-

141 1198 412 1252 clesiarum
458 1197 766 1251 cousuetudo
809 1197 1007 1264 suadet)
1053 1199 1123 1252 ait
1149 1195 1372 1268 Cyrillus
1401 1197 1465 1251 ad
1499 1195 1860 1263 Caelestinum,

138 1304 194 1348 ut
253 1294 555 1368 hujusmodi
615 1311 693 1348 res
753 1293 1027 1349 Sanctitati
1089 1297 1229 1347 Tuae
1290 1293 1746 1347 communicentur.
1800 1291 1864 1347 Et

142 1387 425 1445 Concilium
470 1387 770 1443 Sardicense
806 1406 935 1442 anno
983 1389 1087 1441 341
1122 1388 1174 1441 in
1216 1387 1361 1460 epist.
1401 1385 1465 1440 ad
1492 1384 1682 1441 Julium
1726 1385 1861 1442 Pon-

136 1483 322 1538 tificem
366 1483 435 1537 ita
487 1481 696 1537 scribit:
744 1484 855 1535 Hoc
905 1480 1176 1554 optimum,
1224 1491 1269 1535 et
1311 1480 1459 1534 valde
1513 1481 1863 1552 congruentis-

132 1578 316 1632 simum
364 1576 717 1650 judicabitur,
763 1576 805 1630 si
848 1577 918 1630 ad
962 1580 1146 1649 Caput,
1201 1576 1330 1630 idest
1373 1576 1444 1629 ad
1490 1576 1635 1629 Petri
1677 1576 1861 1631 Sedent

133 1673 195 1726 de
237 1672 453 1744 singulis
502 1672 778 1743 quibusque
821 1672 1107 1745 provinciis
1158 1671 1384 1743 referant
1436 1671 1752 1727 Sacerdotes,
1797 1670 1862 1726 Et

133 1766 388 1841 Ephesina
440 1765 675 1837 Synodus
720 1767 770 1821 in
822 1767 966 1840 epist.
1020 1765 1084 1821 ad
1138 1763 1477 1821 Caelestinum
1528 1763 1857 1821 Pontificem:

133 1864 221 1916 Est
262 1862 352 1916 hoc
394 1861 532 1915 vobis
574 1861 702 1915 adeo
736 1861 898 1932 magis
933 1860 989 1914 in
1030 1878 1171 1913 more
1207 1859 1456 1932 postium.
1499 1870 1555 1913 ut
1596 1860 1654 1914 in
1695 1860 1861 1914 omni-

132 1959 220 2013 bus
263 1957 478 2012 celebres
503 1957 633 2024 sitis,
661 1957 932 2027 studiaque
968 1966 1133 2010 vestra
1160 1956 1508 2010 Ecclest'arum
1529 1956 1859 2030 firmamenta

131 2052 464 2108 constituatis,
510 2051 647 2116 Quia
688 2069 806 2106 vcro
857 2068 1048 2105 necesse
1093 2061 1182 2118 est,
1227 2061 1282 2105 ut
1323 2049 1520 2117 oinnia,
1571 2068 1700 2122 quae
1744 2069 1860 2105 cou-

130 2157 341 2219 sequuta
383 2157 517 2217 suut,
544 2145 819 2202 Sanctitati
863 2149 1004 2201 Tuae
1040 2145 1410 2220 siqnificeatur9
1454 2163 1556 2200 non
1591 2145 1856 2218 potuimus

131 2260 234 2296 uon
294 2241 529 2304 scribere.
592 2239 776 2297 Merito
828 2242 995 2314 itaque
1057 2239 1375 2297 Innocentius
1420 2239 1444 2294 Ι
1487 2241 1537 2296 in
1598 2241 1742 2316 epist.
1789 2239 1854 2295 ad

129 2334 420 2391 Vittricium
463 2334 925 2407 Rothomagensem
953 2335 1138 2390 diserte
1182 2335 1277 2390 ait:
1324 2335 1382 2391 Si
1407 2334 1634 2409 majores
1676 2352 1857 2389 causae

128 2430 185 2484 in
236 2430 465 2484 medium
522 2430 719 2503 fuerint
779 2429 1068 2496 devolutae,
1121 2429 1192 2484 ad
1251 2429 1594 2502 Apostolicam
1653 2428 1856 2499 sedem,

125 2527 252 2582 sicut
286 2527 522 2599 Synodus
546 2527 722 2581 statuit
750 2536 795 2581 ct
819 2537 957 2581 vettts
989 2527 1298 2581 consuetudo
1325 2527 1513 2598 eaciye't2
1540 2525 1853 2598 referantur.

128 2620 190 2676 Et
231 2621 527 2678 Bonifaeius
573 2620 595 2675 l
638 2623 782 2696 epist.
833 2623 903 2675 15
949 2621 1013 2676 ad
1054 2621 1246 2677 Rufum
1297 2623 1365 2677 ita
1419 2621 1621 2676 scribit:
1668 2620 1850 2676 Maeci-

129 2734 236 2770 mas
277 2718 623 2773 Orientalium
667 2718 915 2773 Ecclesias
957 2719 1014 2772 in
1056 2718 1255 2789 maqm‘s
1298 2716 1531 2788 neqociis,
1574 2716 1630 2770 in
1673 2716 1854 2787 quibus

129 2828 252 2882 opus
296 2823 413 2866 esset
439 2813 802 2886 disceptatione
847 2813 1066 2887 majori.
1094 2813 1273 2869 Sedem
1319 2829 1513 2884 semper
1548 2811 1852 2864 consuluisse

135 2908 440 2972 Romanam,
485 2919 528 2959 et
554 2909 746 2978 quoties
774 2925 890 2963 usus
920 2908 1107 2979 esciqit.
1152 2906 1265 2978 ejus
1288 2906 1554 2960 aemilium
1592 2905 1844 2979 postulas-
