2114 3289
556 115 619 189 §u
668 138 764 173 un.
812 138 871 173 oe
915 139 1035 173 June
1081 136 1409 174 oierNSANot
1638 119 1746 171 193

204 243 330 299 Sunt
372 255 533 298 tamen
577 241 735 314 aliqui
776 253 996 309 eventus,
1025 243 1074 294 in
1119 240 1300 312 quibus
1343 238 1593 308 Tlieologi
1638 239 1830 312 passim

126 350 172 392 et
214 336 516 392 Canonistae
559 334 738 389 docent
780 336 928 390 licere
982 333 1246 407 Episcopis
1306 336 1358 388 in
1415 334 1524 404 jure
1584 332 1838 387 communi

126 430 436 503 dispensare.
490 427 662 502 Itaque
713 427 952 503 Episcopi
995 446 1092 484 non
1136 429 1285 483 totius
1328 426 1585 483 Dioecesis
1632 425 1708 480 vel
1750 424 1842 480 ali-

125 524 266 593 cujus
309 520 697 578 Communitatis
740 524 924 593 gratia,
969 522 1056 576 sed
1098 521 1446 577 tantummodo
1489 541 1580 595 pro
1624 520 1838 594 privatis

124 618 372 691 personiS,
414 617 659 690 justisque
702 616 763 671 de
806 617 970 671 causis
1013 617 1093 686 jus
1137 634 1399 670 commune
1442 615 1688 670 relaxant.

208 708 290 766 1.Ο
333 708 421 763 Eoe
458 710 585 783 jure
627 710 685 764 id
720 710 1064 782 permittente.
1127 707 1213 764 Sic
1263 708 1501 782 Episcopi
1550 718 1844 782 potestatem

126 804 312 860 habent
371 804 761 878 dispensationis
817 803 1110 858 tribuendae
1154 821 1303 876 super
1343 803 1569 873 bigamia
1612 801 1847 856 similitu-

125 898 326 954 dinaria
386 918 496 973 cap.
545 901 577 951 4
620 901 754 954 Sane
805 897 866 952 de
926 896 1095 953 elerit‘.
1139 896 1379 970 conseq,
1421 907 1469 951 et
1511 915 1620 969 cap.
1670 896 1694 947 1
1746 894 1848 958 Qui

126 992 312 1047 Clerici
355 992 434 1047 ‘cel
474 1002 740 1046 voventes.-
785 992 907 1047 dant
951 993 1147 1047 veniam
1191 991 1310 1046 filiis
1354 990 1632 1060 illegitimis
1663 988 1727 1044 ad
1754 990 1847 1043 mi·-

124 1106 270 1142 nores
314 1086 515 1142 ordines
559 1097 606 1141 et
647 1086 711 1141 ad
756 1105 908 1141 unum
952 1085 1168 1160 simplex
1210 1085 1507 1140 beneficium
1551 1101 1661 1156 cap.
1711 1084 1734 1135 1
1781 1082 1844 1137 de

120 1180 195 1254 fil.
232 1181 399 1252 presb.
443 1180 502 1234 in
546 1185 597 1236 6.
646 1179 954 1252 Dispensant
995 1180 1053 1232 in
1094 1177 1568 1250 irregularitatibus
1616 1176 1849 1230 omnibus

124 1285 170 1328 et
210 1274 616 1347 suspensionibus
659 1293 726 1329 eoe
769 1273 954 1328 delicto
996 1272 1188 1327 occulto
1222 1272 1663 1344 provenientibuS,
1701 1288 1848 1325 exce-

115 1379 211 1441 pta
253 1387 313 1423 ea
353 1387 481 1440 quae
524 1369 694 1423 oritur
736 1386 803 1422 εει)
845 1367 1124 1421 homicidio
1166 1366 1490 1432 voluntarie,
1536 1375 1582 1420 et
1624 1364 1849 1437 eoeceptis

124 1463 244 1518 aliis
303 1463 534 1517 deductis
592 1463 661 1517 ad
710 1462 883 1534 forum
925 1460 1330 1527 contentiosum,
1376 1458 1571 1516 Concil.
1615 1458 1847 1515 Trident.

128 1577 251 1614 sess‚
300 1561 374 1611 ⁶24
416 1577 526 1632 cap.
574 1562 605 1612 6
651 1557 714 1612 de
757 1556 960 1612 reform.
1025 1555 1126 1612 Eos
1170 1557 1556 1611 interstitiorum
1599 1554 1706 1625 lege
1749 1554 1849 1609 sol-

125 1664 280 1721 vunt,
339 1655 426 1726 qui
476 1651 757 1707 minoribus
807 1651 882 1706 vel
923 1652 1075 1706 etiam
1118 1649 1398 1720 majoribus
1442 1648 1705 1704 ordinibus
1749 1649 1846 1704 ini-

124 1747 284 1803 tiandi
326 1759 458 1817 sunt,
502 1750 651 1802 Cone.
699 1749 744 1799 T
743 1746 934 1801 rident.
978 1762 1089 1800 sese.
1139 1747 1208 1800 ‘23
1255 1762 1365 1816 cap.
1415 1746 1479 1798 11
1531 1743 1593 1797 de
1633 1743 1843 1816 reform.

125 1840 188 1896 Et
230 1844 316 1916 qui
360 1842 425 1897 ad
469 1842 688 1914 aliquem
731 1839 988 1908 ordinem,
1025 1840 1228 1895 omissis
1272 1838 1626 1907 inferioribus,
1670 1857 1841 1892 ascen-

124 1935 274 2006 derit,
317 1938 503 2009 quique
537 1953 635 2007 per
676 1933 862 1987 saltum
897 1944 1162 2006 promotus
1204 1932 1409 2002 dicitur,
1435 1951 1548 1987 cum
1591 1951 1648 1987 eo
1678 1934 1720 1986 si
1747 1951 1846 1987 non

125 2031 504 2099 ministraverit„
532 2040 762 2103 poterunt
805 2027 1045 2102 Episcopi
1090 2045 1158 2082 eoe
1200 2026 1432 2098 legitima
1465 2043 1620 2080 causa
1645 2025 1847 2097 dispen-

123 2141 273 2193 sare,
334 2136 385 2179 ut
444 2124 608 2196 inquit
665 2122 898 2178 Trident.
959 2120 1153 2192 Synod.
1207 2141 1329 2178 sesS.
1387 2124 1456 2176 ⁶23
1504 2140 1614 2194 cap.
1667 2122 1735 2175 13
1781 2119 1844 2174 de

124 2217 328 2274 reform.
373 2216 616 2272 Eximunt
657 2217 809 2271 etiam
837 2236 865 2271 a
892 2217 997 2286 lege
1041 2216 1514 2290 proclamationum,
1559 2233 1686 2287 quae
1730 2225 1843 2268 ante

122 2314 499 2368 matrimonium
553 2312 661 2367 fieri
715 2312 930 2379 debent,
977 2314 1125 2366 Cone.
1173 2313 1218 2364 T
1218 2310 1408 2365 rident.
1455 2327 1567 2366 sess,
1618 2312 1690 2362 24
1733 2327 1842 2381 cap.

127 2409 149 2459 1
201 2407 263 2460 de
305 2406 514 2478 reform.
561 2406 787 2461 matrim..

196 2498 464 2555 Praeterea
507 2499 746 2574 Episcopi
791 2500 1019 2555 relaxant
1054 2512 1157 2555 tum
1185 2512 1296 2555 vota
1325 2499 1596 2573 simplicia,
1626 2498 1669 2552 si
1695 2498 1842 2570 quin-

119 2613 215 2666 que
256 2596 480 2669 excipias
526 2606 668 2663 vota,
713 2595 901 2649 scilicet
944 2596 1218 2664 castitatis,
1264 2594 1552 2664 religionis,
1596 2604 1642 2647 et
1684 2593 1838 2647 trium

119 2689 614 2761 peregrinationum,
668 2707 795 2761 quae
856 2708 942 2763 per
1004 2690 1290 2760 Eoetrcwaq.
1353 2689 1417 2740 Ec
1476 2686 1518 2740 si
1580 2685 1845 2741 Dominiei

119 2781 286 2852 qreqis
328 2781 388 2834 de
425 2783 619 2854 poenit.
667 2793 711 2837 et
763 2783 955 2839 remiss.
1019 2782 1229 2839 Summo
1291 2781 1528 2838 Pontifici
1590 2791 1842 2835 reservata

122 2887 254 2943 sunt,
300 2886 401 2930 tum
444 2877 745 2946 juramenta,
790 2880 931 2950 quia,
977 2890 1024 2933 ut
1070 2880 1139 2933 ait
1181 2876 1408 2932 Tabiena
1454 2894 1499 2932 v.
1546 2873 1736 2949 jurare
1790 2893 1840 2947 q.

1335 2972 1402 3023 13
