2114 3289
351 135 462 186 142
507 151 600 186 mn.
634 150 686 186 11.
717 150 762 184 c,
784 148 817 182 1.
849 147 908 182 DE
935 147 983 182 R.
1010 147 1273 184 PoN'nFlcE
1301 148 1470 192 EJUSQ.
1504 148 1839 188 Anw‘rontssns

262 253 388 309 vitio
447 253 670 325 recipere
707 258 909 322 potest,
954 265 1132 320 easque
1167 250 1255 321 pie
1298 267 1356 304 ac
1397 250 1781 308 rationabiliter
1811 254 1988 326 'confe-

264 360 387 404 runt
445 344 714 402 Praesules
775 342 1048 416 desiqnati.
1110 342 1174 399 Et
1225 342 1433 400 Bai-thel
1473 346 1689 403 Dissert.
1733 345 1987 403 Praelim.

266 444 329 497 de
374 439 619 498 Concord.
665 458 775 513 cap.
824 442 855 493 3
902 450 1022 494 sect.
1068 443 1100 494 3
1145 456 1283 494 num.
1331 441 1365 493 5
1409 442 1684 497 rectissime
1718 442 1990 498 ratiocina-

266 548 347 592 tur
387 535 481 591 hoc
524 532 713 589 modo:
757 532 1058 588 Doctrinale
1094 531 1427 607 judiciorum
1468 533 1531 589 de
1556 533 1649 590 hac
1673 536 1987 607 quaestione,

264 641 439 685 utrum
483 627 688 683 exactio
729 637 1043 683 annatarum
1084 627 1150 682 sit
1191 626 1496 694 simoniaca,
1522 645 1626 681 non
1651 631 1988 701 Magistratus

255 722 480 797 politici,
507 722 594 777 sed
621 721 990 777 Praelatorum
1016 732 1062 776 et
1098 725 1379 777 Doctorum
1421 721 1677 778 Ecclesiae
1711 725 1988 797 proprium

266 828 373 885 est,
419 828 464 872 et
501 816 708 890 finitiva
750 835 809 872 ea
852 817 913 872 de
955 833 1011 871 re
1054 816 1303 871 sententia
1345 815 1416 870 ad
1457 816 1767 889 Episcopos,
1811 819 1991 874 Ponti-

259 913 405 986 ficem
445 912 637 985 ipsum,
673 922 719 966 et
762 910 994 967 Concilia
1027 910 1253 984 pertinet
1288 911 1456 985 juccta
1496 911 1800 982 yravissima
1839 914 1991 968 cerba

264 1005 457 1062 Basilii
501 1005 841 1080 Imperatoris
882 1006 940 1060 in
981 1005 1288 1061 allocutione
1331 1005 1530 1078 Synodi
1579 1010 1728 1063 VIII
1754 1010 1992 1063 Oecume-

267 1104 451 1159 nicae:
495 1125 523 1162 ((
565 1103 722 1158 Laico
764 1103 1064 1174 cuicumque
1107 1102 1256 1157 nulla
1296 1102 1498 1158 ratione
1542 1102 1604 1157 cle
1647 1102 1991 1158 ecclesiasticis

266 1201 431 1255 causis
491 1200 795 1274 disputandi
843 1200 922 1272 fas
965 1216 1063 1254 esse
1107 1199 1263 1267 dico,
1306 1199 1428 1254 haec
1472 1199 1609 1255 enim
1651 1199 1989 1266 excutiendi,

268 1304 314 1349 et
354 1295 412 1349 in
451 1304 724 1366 utramque
758 1304 964 1367 partem
1006 1294 1245 1366 aqitandi
1297 1293 1771 1361 Patriarcltarum2
1815 1297 1992 1351 Sacer-

267 1389 443 1443 dotum
502 1400 548 1444 et
604 1393 887 1444 Doctorum
930 1399 998 1443 est
1040 1388 1298 1461 officium,
1341 1388 1523 1460 quibus
1564 1407 1596 1443 a
1637 1393 1749 1444 Deo
1790 1388 1992 1460 ligandi

269 1493 315 1537 et
355 1483 582 1539 solvendi
617 1493 838 1556 potestas
882 1493 951 1538 est
992 1500 1238 1539 concessa.
1283 1484 1419 1538 Nam
1461 1483 1652 1550 laicus,
1696 1484 1787 1538 etsi
1829 1483 1993 1538 omnis

260 1578 471 1649 pietatis
514 1589 560 1632 et
600 1577 881 1649 sapientiae
924 1577 1078 1632 laude
1113 1587 1360 1650 praestet,
1403 1588 1575 1632 tamen
1616 1577 1778 1632 laic-us
1820 1588 1910 1644 est,
1947 1589 1993 1632 et

266 1672 393 1739 oviS,
435 1690 540 1726 non
574 1682 752 1743 pastor
793 1681 836 1728 ».
892 1674 1062 1725 Porro
1104 1675 1370 1739 DoctoreS,
1414 1672 1677 1744 Episcopi,
1720 1672 1992 1745 Pontifices

267 1766 522 1833 Maaeimi,
568 1765 795 1820 Ecclesia
830 1783 929 1838 per
970 1766 1142 1820 orbem
1184 1764 1399 1840 diffusa,
1443 1776 1661 1820 annatas
1711 1766 1992 1821 subventio-

266 1860 347 1914 nis
388 1860 538 1914 titulo
581 1861 764 1932 exiqi,
808 1860 1030 1932 solvique
1065 1877 1209 1932 posse
1260 1872 1565 1932 aqnoscunt‚
1608 1861 1864 1929 sentiunt,
1900 1860 1993 1934 ju-

268 1953 470 2022 dicant,
515 1954 616 2009 sive
659 1966 775 2010 ante
784 1998 805 2023 ,
848 1955 949 2009 sive
985 1964 1100 2028 post
1142 1955 1420 2011 Bullarum
1470 1956 1835 2010 concessionem
1878 1955 1993 2010 exi-

267 2061 471 2121 gantur.
534 2054 738 2106 Horum
787 2052 960 2123 itaque
996 2051 1206 2126 judicio
1249 2052 1489 2106 standum
1533 2063 1601 2107 est
1643 2052 1815 2124 quoad
1848 2051 1992 2126 juris

269 2145 614 2215 quaestionem
655 2146 711 2200 in
755 2146 848 2201 hac
893 2164 1063 2202 causa.

331 2336 396 2380 De
431 2335 621 2380 annatis
644 2336 832 2393 copiose
869 2336 1215 2395 diligenterque
1243 2338 1533 2396 scripserunt
1569 2337 1905 2385 Thomassinus
1938 2336 1995 2383 de

261 2421 348 2460 ret.
387 2420 445 2461 et.
471 2429 576 2461 nov.
616 2414 787 2462 Eccles.
825 2414 1066 2478 disciplin.
1086 2423 1213 2479 part.
1253 2418 1280 2463 3
1305 2417 1385 2464 lib.
1423 2419 1454 2463 2
1488 2432 1590 2480 cap.
1627 2419 1690 2464 56
1725 2433 1774 2464 η.
1812 2420 1863 2475 5,
1901 2418 1996 2464 Na-

262 2498 373 2543 talis
408 2499 670 2547 Alexander
705 2498 832 2546 Hist.
858 2499 964 2546 eccl.
1002 2515 1119 2547 saec.
1157 2503 1259 2549 XV.
1285 2507 1328 2549 et
1350 2501 1466 2550 XVI
1497 2499 1610 2548 diss.
1650 2502 1679 2546 9
1712 2499 1766 2546 de
1799 2499 1994 2546 annatis

264 2584 356 2625 art.
395 2578 446 2638 3,
474 2587 520 2628 et
542 2581 791 2642 Fagnanus
813 2579 867 2629 in
889 2574 990 2644 cap.
1028 2583 1281 2630 Praeterea
1322 2583 1342 2630 1
1369 2583 1437 2631 Ne
1459 2581 1674 2631 Praelati
1706 2580 1829 2629 vices
1864 2594 1991 2628 suas.
