2114 3289
345 145 455 196 128
506 163 599 198 LIB.
622 162 672 196 11.
696 162 741 196 G.
765 160 797 195 1.
828 160 888 194 DE
917 160 964 193 R.
997 159 1262 195 PONTIFIGE
1290 159 1461 202 EJUSQ.
1491 159 1831 195 ADJUTORIBUS

254 267 391 340 quod
434 268 690 342 poenitens
735 263 856 317 dum
901 260 1167 318 Sacerdoti
1210 283 1262 318 se
1305 263 1533 335 subjicit,
1569 283 1682 319 eum
1726 263 1983 319 constituit

254 362 353 417 sibi
397 361 663 426 arbitrum,
709 356 934 429 adeoque
975 356 1199 427 judicem
1242 375 1355 412 cum
1397 370 1639 431 potestate
1682 359 1980 413 sententiam

252 452 579 529 proferendi,
640 462 687 505 et
744 449 1029 521 judicandi.
1091 450 1171 505 Ex
1214 470 1313 523 quo
1357 470 1510 523 quam
1553 452 1698 506 multi
1742 463 1789 506 et
1830 469 1983 523 quam

251 566 429 619 graves
490 564 724 614 errores9
777 546 934 600 immo
977 545 1250 614 haereses,
1294 557 1443 617 atquc
1485 545 1765 619 impietates
1810 563 1983 600 conse-

253 652 489 714 quantur,
517 639 677 695 solide
703 639 1076 712 luculenterque
1103 638 1321 694 ostendit
1350 637 1673 694 doctissimus
1699 637 1761 695 P.
1803 637 1980 694 Herm.

253 732 659 807 Cristianopnlus
709 734 762 788 in
804 733 1007 804 egregio
1049 751 1218 806 opere,
1245 731 1401 786 Della
1442 730 1635 785 nullita
1675 731 1806 786 delle
1849 749 1983 785 asso-

250 827 452 882 luzz‘oni
494 828 580 883 nei
615 826 727 882 casi
768 827 1027 884 riservati.
1075 826 1241 883 Citata
1286 847 1402 883 vero
1444 824 1629 883 Aloisii
1671 824 1836 882 Littae
1876 829 1981 902 epi-

250 923 378 978 stola
438 924 489 978 in
549 908 822 997 pravorum
883 921 1131 977 librorum
1176 921 1400 977 Iudicem
1444 921 1601 976 relata
1643 920 1738 976 fuit
1779 920 1979 976 decreto

252 1015 307 1075 S.
354 1014 775 1088 Congregationis
820 1015 902 1071 die
950 1019 1001 1072 2.
1046 1014 1262 1087 Augusti
1310 1018 1483 1071 1790.

330 1112 425 1168 His
471 1114 671 1187 positis,
699 1112 765 1166 ad
802 1131 907 1167 rem
949 1125 1176 1168 nostram
1212 1114 1444 1186 proxime
1469 1110 1787 1167 accedamus.
1831 1109 1981 1167 Pote-

255 1219 358 1262 stas
400 1207 767 1279 jurisdictionis
782 1249 798 1275 9
841 1208 948 1261 sine
991 1226 1090 1280 qua
1133 1205 1384 1262 Sacerdos
1428 1225 1516 1260 nec
1558 1205 1721 1274 licite,
1765 1223 1853 1260 nec
1897 1224 1983 1260 va-

252 1301 356 1356 lide
415 1301 670 1370 absolvit9
731 1313 805 1356 est
847 1312 1066 1374 potestas
1110 1302 1162 1356 in
1207 1300 1474 1369 subditoS,
1518 1299 1744 1372 adeoque
1787 1298 1852 1354 ad
1895 1318 1978 1354 eos

254 1397 417 1451 solum
461 1397 692 1470 pertinet,
730 1397 817 1468 qui
860 1395 1089 1451 subditos
1133 1395 1337 1451 habent.
1382 1392 1449 1450 At
1491 1413 1589 1450 uon
1634 1395 1845 1467 quilibet
1887 1391 1982 1449 Sa-

253 1490 430 1546 cerdos
490 1509 552 1544 ex
607 1490 717 1559 jure
770 1488 944 1543 divino
994 1489 1224 1544 subditos
1267 1488 1456 1558 habet,
1499 1487 1587 1543 sed
1631 1486 1979 1543 tantummodo

255 1581 496 1639 Pontifex
539 1585 590 1637 in
634 1582 861 1638 Ecclesia
904 1584 1158 1652 universa,
1187 1595 1233 1637 et
1276 1581 1516 1656 Episcopi
1559 1583 1611 1636 in
1651 1601 1740 1637 sua
1767 1583 1980 1654 quisque

253 1676 524 1747 Dioecesi3
567 1676 780 1748 ideoque
825 1675 890 1730 ab
932 1677 995 1730 iis
1037 1676 1324 1746 jurisdictio
1368 1675 1434 1730 ad
1477 1675 1844 1730 absolutionem
1897 1693 1982 1728 va-

253 1773 357 1827 lide
401 1771 789 1846 impertiendam
834 1774 1118 1826 necessaria
1161 1773 1213 1826 in
1256 1769 1556 1826 Sacerdotes
1597 1769 1861 1825 inferiores
1896 1769 1981 1823 de-

254 1866 468 1936 scendit,
496 1868 564 1921 ita
594 1878 759 1920 tamen
801 1877 852 1920 ut
895 1866 1183 1920 auctoritati
1226 1866 1476 1939 superiori
1519 1882 1716 1937 semper
1758 1863 1980 1919 obnoxia

254 1972 474 2029 maneat,
519 1960 909 2030 siv·e,11taj1111t‚
955 1958 1306 2028 subordinata,
1352 1971 1499 2032 atque
1542 1958 1668 2013 adeo
1712 1959 1980 2027 coarctari,

252 2068 399 2128 atque
449 2057 601 2111 etiam
646 2055 834 2110 auferri
880 2067 1056 2128 potest.
1115 2052 1382 2109 Praeclare
1426 2051 1623 2109 Gerson
1668 2054 1720 2107 in
1764 2064 1981 2107 tractatu

254 2150 315 2204 dc
342 2150 569 2205 Statibus
602 2149 856 2203 Ecclesiae
901 2148 1319 2204 (ieznsideratione
1363 2150 1534 2203 tertia:
1579 2149 1982 2220 Status,inq11it,

250 2243 604 2298 Praelationis
656 2243 974 2316 Episcopalis
1025 2242 1202 2296 habuit
1245 2243 1302 2296 in
1344 2242 1597 2314 Apostoli-s
1641 2252 1684 2297 et
1726 2245 1985 2297 Successo-

252 2339 395 2392 ribus
455 2355 603 2391 usum
662 2337 740 2390 vel
793 2337 1101 2391 eoeercitium
1143 2355 1263 2391 suae
1299 2337 1564 2409 potestatis
1606 2337 1695 2391 sub
1738 2338 1896 2390 Petro
1938 2345 1985 2389 et

253 2432 632 2489 successoribus
693 2431 844 2504 ejusJ
899 2442 1143 2502 tanquam
1186 2432 1274 2485 sub
1317 2431 1527 2485 habente
1570 2430 1647 2484 vel
1688 2429 1984 2484 habentibus

244 2526 629 2599 plenitudinem
670 2525 916 2597 fontalem
958 2525 1275 2597 Episcopalis
1326 2526 1667 2580 auctoritatis,
1735 2523 1877 2578 Unde
1938 2532 1984 2577 et

252 2622 423 2693 quana
466 2620 595 2674 talia
638 2620 861 2673 minores
905 2619 1140 2672 Praelatt‘
1182 2621 1389 2673 subsunt
1431 2618 1716 2691 Episcopisj
1744 2636 1775 2671 a
1801 2617 1983 2688 quibus

252 2734 372 2769 usus
421 2733 540 2769 suae
578 2715 842 2787 potestatis
885 2713 1188 2784 quandoque
1232 2713 1491 2766 Ie‘nu'tatur
1532 2713 1610 2767 rel
1651 2723 1892 2779 arcetur,
1938 2722 1984 2766 et

253 2812 322 2864 sic
358 2829 390 2863 a
439 2811 583 2881 Papa
619 2827 762 2881 posse
800 2808 919 2883 fieri
963 2808 1100 2862 circa
1144 2807 1413 2861 Praelates
1458 2807 1682 2880 majores
1726 2825 1792 2861 ea:
1836 2805 1984 2861 certis

255 2915 298 2958 et
328 2903 721 2958 rationabilibus
749 2903 912 2958 causis
950 2921 1048 2957 non
1095 2914 1161 2957 est
1206 2902 1585 2972 ambefyenaam.
1633 2900 1806 2974 Itaque
1850 2899 1984 2956 Pon-
