2114 3289
406 123 542 160 JURIS
592 120 786 158 PUBLIGI
830 120 1195 156 ECCLESIASTICI
1241 116 1500 154 PROEMIUM
1725 101 1752 149 7

191 227 483 299 Regalistae
527 224 741 297 denique
785 219 899 294 (sic
943 222 1085 292 dicti,
1130 233 1391 297 propterea
1437 217 1574 292 quod
1613 217 1835 288 regibuS,

110 324 215 378 sive
296 319 531 395 potestati
572 319 730 385 civili,
758 318 969 372 nimium
1012 313 1212 385 favent)
1248 314 1446 386 juribus
1484 311 1739 367 Ecclesiae
1766 311 1836 364 ita

110 415 397 483 detrahunt,
442 424 493 467 ut
536 432 634 481 res,
680 414 722 467 si
767 430 866 466 non
903 412 1210 485 spirituales,
1238 421 1287 464 at
1326 420 1455 463 certe
1487 404 1836 481 spiritualibus

109 511 354 579 adnean,
422 520 468 563 et
528 508 851 582 disciplinam
895 518 1153 561 externam
1197 505 1359 560 eidem
1404 502 1638 576 potestati
1697 500 1836 556 civili

109 604 398 675 subjiciant.

189 695 379 754 Contra
440 709 538 752 tres
600 694 859 768 hujsmodi
912 714 1105 751 errores
1168 694 1327 749 tribus
1373 691 1626 748 distinctis
1690 688 1835 744 libris

108 790 503 866 disputabimuS,
546 809 761 864 quorum

188 883 230 941 Ι.
333 884 407 940 De
450 883 593 940 Statu
638 883 910 940 Ecclesiae.

196 979 264 1037 ΙΙ.
344 978 418 1034 De
461 978 765 1035 Rectoribus
816 976 1091 1047 Ecclesiae,
1142 994 1415 1050 eorumque
1448 973 1646 1045 juribus
1681 983 1728 1028 et
1765 970 1840 1027 of-

407 1074 555 1130 ficiis,

188 1167 283 1225 Ill.
329 1167 404 1223 De
446 1166 686 1223 Personis
729 1178 776 1222 et
817 1167 965 1222 rebus
1008 1166 1242 1239 potestati
1277 1163 1532 1219 Ecclesiae
1570 1160 1831 1231 subjectis,

185 1261 364 1319 Nolim
393 1282 508 1317 vero
537 1279 839 1333 quemquam
867 1261 1179 1327 existimare,
1206 1277 1296 1313 nos
1335 1255 1610 1312 tractandis
1642 1265 1840 1310 contro-

108 1361 325 1429 versiis,
370 1377 469 1413 non
533 1355 937 1411 Institutionibus
999 1353 1260 1409 tradendis
1322 1371 1526 1427 operam
1594 1351 1841 1420 daturos;

111 1473 284 1509 eorum
328 1454 461 1507 enim
505 1452 760 1520 omnium,
805 1469 932 1522 quae
977 1449 1042 1504 ad
1085 1447 1223 1503 Juris
1267 1447 1595 1502 ecclesiastici
1648 1445 1840 1519 publici

111 1546 454 1602 Institutiones
498 1546 764 1619 pertinent,
808 1545 891 1599 hic
937 1543 1219 1616 simplicem
1254 1553 1301 1596 et
1328 1539 1607 1596 dilucidam
1634 1541 1835 1614 exposi-

108 1643 294 1697 tionem
371 1639 640 1695 benevolus
704 1639 858 1694 lector
919 1639 1154 1694 inveniet.
1218 1634 1567 1706 pugnabimus
1628 1632 1837 1707 quidem

108 1755 200 1810 pro
251 1735 506 1790 sententiis
567 1735 775 1802 nostriS‚
839 1743 1162 1789 veruntamen
1224 1728 1504 1786 admodum
1566 1747 1736 1802 parce,
1795 1738 1841 1782 et

110 1841 351 1903 quantum
396 1830 524 1886 ratio
569 1827 944 1886 Institutionum
988 1828 1193 1902 patitur.
