2114 3289
335 125 446 176 172
517 142 610 177 ΠΒ.
639 142 688 176 11.
719 140 763 176 C.
791 139 842 174 Π.
876 139 934 174 DE
965 138 1123 175 EPISC.
1152 140 1379 183 EORUMQ.
1409 141 1516 177 JUR.
1548 141 1606 175 ET
1635 139 1844 178 OFFICIIS

306 244 591 290 patriarchis
627 239 944 286 Alexandrino
991 246 1037 285 et
1086 239 1377 288 Antiocheno
1424 242 1517 288 duo
1566 249 1727 300 postea
1770 242 1979 288 Patr-iar-

240 324 356 371 chae
393 327 708 370 accesserunt.
745 321 862 365 Nam
908 320 1159 367 Antistites
1206 321 1720 381 Constantinopolitani
1767 323 1977 368 auctori-

237 411 334 451 tate
371 403 550 462 Synodi
599 401 1155 459 Constantinopolitanae
1194 402 1228 457 l,
1267 407 1314 448 et
1362 403 1640 462 subreptitio
1688 415 1866 450 canone
1912 404 1974 450 28

240 485 420 543 Synodi
456 482 854 529 Chalcedonensis
890 481 997 528 fulti
1032 494 1138 528 cum
1186 483 1407 529 Romanis
1455 485 1756 531 Pontificibus
1790 484 1847 530 de
1891 496 1977 542 pa-

241 564 484 611 triarchali
532 563 766 622 dignitate
816 563 894 609 diu
932 570 979 609 et
1025 564 1334 622 pertinaciter
1381 571 1728 611 concertarunt.
1765 565 1976 622 Denique

243 644 513 704 Apostolica
549 644 693 690 Sedes
717 650 814 690 tum
840 644 1050 691 eamdem
1100 645 1358 691 Ecclesiam
1382 645 1975 704 constantinopolitanam,

240 733 336 772 tum
388 726 529 771 etiam
581 725 842 771 Ecclesiam
889 726 1370 785 Hierosolymitanam
1421 739 1474 772 eo
1524 726 1701 786 insigni
1747 727 1887 772 titulo
1922 727 1974 772 in

242 806 454 852 Concilio
502 806 873 853 Chalcedonensi
923 803 1022 865 jam
1072 807 1270 853 donatas
1317 807 1665 853 patriarchatus
1704 807 1880 855 honore
1929 814 1976 853 et

240 884 429 944 juribus
479 888 741 933 exornavit.
794 888 1100 934 Innocentius
1152 895 1304 934 autern
1342 889 1403 933 III
1442 889 1489 933 in
1526 888 1739 935 Concilio
1785 889 1978 935 Latera-

241 968 376 1013 nensi
413 969 470 1013 IV
508 969 630 1013 hunc
666 968 918 1027 dignitatis
954 968 1166 1015 ordinem
1204 970 1328 1015 inter
1362 969 1660 1014 patriarchas
1695 969 1975 1024 constitnit3

239 1056 291 1094 nt
334 1055 439 1109 post
487 1051 745 1095 Romanam
794 1048 1072 1108 Ecclesiam,
1118 1064 1233 1111 quae
1282 1048 1551 1111 disponente
1601 1048 1800 1095 Domino
1843 1063 1978 1110 super

240 1144 395 1175 omnes
429 1129 553 1176 alias
589 1127 864 1176 ordinariae
893 1132 1144 1191 potestatis
1178 1131 1350 1178 obtinet
1382 1130 1730 1192 principatum,
1753 1131 1982 1178 Constan-

240 1210 556 1272 tinopolitana
589 1211 820 1272 primum,
859 1209 1194 1259 Alexandrina
1241 1211 1511 1270 secundum,
1550 1210 1840 1260 Antiocliena
1886 1218 1981 1260 ter-

243 1292 382 1352 tium,
420 1291 854 1354 Hierosolymitana
889 1300 1111 1356 quartum
1147 1293 1291 1341 locum
1328 1293 1551 1341 obtineat.

1017 1455 1063 1530 §-
1112 1463 1202 1516 44.

678 1594 750 1640 ni:
791 1593 1279 1643 PATmAssanncn
1316 1595 1552 1642 sumnus

332 1745 466 1801 Inter
507 1744 630 1800 Jura
674 1744 1091 1801 Patriarcharnrn
1135 1749 1232 1802 tria
1260 1758 1401 1803 erant
1426 1748 1712 1821 praecipua.
1740 1744 1971 1802 Primum

253 1852 358 1895 erat
399 1841 479 1912 jus
524 1840 851 1896 consecrandi
892 1838 1268 1915 Metropolitas,
1328 1843 1498 1915 eisque
1554 1841 1764 1915 pallium
1813 1841 1971 1896 tribu-

255 1936 392 2004 endi,
454 1948 721 2010 postquam
773 1947 936 1990 tamen
1007 1938 1209 2010 ipsimet
1268 1934 1600 1991 Patriarchae
1652 1955 1679 1989 a
1738 1932 1971 1991 Romano

254 2026 502 2084 Pontifice
545 2030 754 2103 pallium
798 2031 1121 2103 accepissent.
1161 2027 1523 2087 Ordinationes
1555 2049 1671 2085 vero
1697 2028 1972 2104 Episcopo-

253 2141 364 2177 rum
409 2124 472 2177 ad
515 2122 866 2197 Metropolitas
909 2124 1241 2197 pertinebant.
1298 2123 1487 2180 Verum
1530 2124 1624 2179 hac
1667 2125 1717 2179 in
1779 2142 1831 2178 re
1873 2142 1972 2178 non

254 2238 351 2274 una
394 2219 667 2292 eademqne
710 2220 925 2274 obtinuit
969 2221 1152 2294 ubique
1197 2221 1486 2295 disciplina:
1515 2240 1631 2276 nam
1667 2218 1970 2276 Patriarcha

254 2312 594 2369 Alexadrinus
637 2313 879 2386 peculiari
921 2316 1030 2385 jure
1074 2314 1333 2370 fruebatur
1385 2334 1482 2370 non
1534 2314 1685 2370 modo
1721 2313 1977 2387 Metropo-

254 2409 390 2476 litas,
419 2406 505 2461 sed
533 2418 735 2461 cunctos
779 2409 929 2461 ctiam
973 2410 1049 2463 sui
1077 2406 1459 2465 Patriarchatus
1486 2408 1765 2483 Episcopos
1792 2407 1972 2463 confir-

256 2501 429 2557 mandi
490 2499 944 2573 consecrandique.
1024 2500 1156 2557 Hinc
1216 2522 1305 2577 per
1365 2500 1646 2558 Nicaenam
1715 2499 1977 2571 Synodum

254 2595 491 2651 damnata
535 2606 607 2650 est
649 2591 842 2650 Meletii
884 2592 1237 2669 Lycopolitani
1280 2596 1519 2671 Episcopi
1573 2594 1804 2663 andacia,
1859 2613 1975 2667 pro-

253 2704 420 2764 pterea
449 2688 592 2762 qnod'
612 2708 700 2762 per
725 2689 1010 2762 provincias
1033 2688 1270 2764 Aegypti,
1292 2709 1505 2762 quarum
1531 2688 1763 2745 Meletius
1784 2686 1973 2744 Metro-

253 2785 504 2857 politanus
547 2795 672 2851 erat,
715 2782 995 2858 Episcopos
1038 2783 1340 2852 ordinasset,
1384 2802 1540 2857 eoque
1582 2795 1726 2857 pacto
1762 2782 1859 2837 sibi
1895 2784 1975 2852 jus

257 2889 560 2948 arrogasset,
605 2878 739 2950 quod
767 2878 830 2933 ad
859 2877 1211 2934 patriarchani
1248 2875 1646 2935 Alexandrinum
1675 2876 1970 2951 pertinebat.
