2114 3289
340 118 452 168 204
496 133 588 167 Lm.
612 132 682 166 111.
710 131 756 165 c.
785 129 817 163 1.
849 129 908 163 DE
939 128 1154 163 PERsoN.
1184 120 1323 164 Eccr‘..
1356 128 1564 163 PoTEsT.
1595 127 1852 164 SUBJECTIS

334 234 588 290 Ecclesiae
650 250 764 286 vero
826 230 1091 303 imperanti
1142 241 1226 284 aut
1292 229 1490 285 docenti
1549 228 1863 292 obedientem
1921 248 1973 284 se

254 331 465 404 quisque
506 326 743 401 praebere
786 322 932 378 debet
974 325 1026 379 in
1068 324 1131 379 iis
1175 322 1430 392 omnibus,
1473 342 1600 396 quae
1661 324 1726 378 ad
1787 323 1974 378 cultum

253 422 368 492 Dei,
409 434 456 476 et
497 420 707 474 salutem
749 419 1032 472 animarum
1085 428 1324 491 spectant.
1368 414 1501 471 Hinc
1563 416 1620 475 S.
1672 416 1862 472 Paulus
1923 419 1975 472 in

255 518 400 590 epist.
444 512 508 569 ad
550 510 809 567 Hebraeos
853 508 983 565 XIII
1031 513 1122 566 17:
1167 509 1400 576 Obedite³
1444 511 1626 583 inquit,
1660 510 1978 584 Praepositis

252 608 449 674 vestriS,
493 617 538 661 et
580 605 835 680 subjacete
879 605 949 660 eis
990 618 1038 661 et
1079 606 1248 661 statim
1291 604 1481 660 subdit:
1533 605 1641 676 Ipsi
1685 607 1821 660 enim
1856 623 1977 677 per-

249 702 486 774 viqilant,
543 699 690 772 quasi
731 700 987 754 racionem
1020 717 1122 772 pro
1163 698 1433 754 animabus
1475 698 1652 752 vestris
1691 699 1975 755 reddituri.

254 796 297 852 Ii
339 799 490 852 etiam
533 797 619 868 qui
661 797 714 850 in
755 795 1003 850 altissimo
1047 795 1310 866 dignitatis
1352 792 1517 865 gradu
1559 793 1792 849 collocati
1845 807 1978 863 sunt5

251 890 416 962 Reges
476 891 575 963 ipsi
617 901 664 944 et
705 890 926 962 supremi
969 886 1332 959 Magistratus,
1394 906 1507 942 cum
1568 886 1662 941 filii
1722 886 1976 943 Ecclesiae

253 986 371 1054 sint,
413 983 577 1039 eidem
620 982 875 1038 Ecclesiae
916 1002 1093 1057 parere
1137 982 1335 1037 debent:
1381 993 1688 1056 quapropter
1741 979 1975 1037 Gelasius

255 1078 398 1153 Papa
441 1078 506 1133 ad
545 1076 874 1133 Anastasium
916 1075 1298 1151 Imperatorem:
1345 1079 1512 1131 Tanto
1561 1076 1724 1148 inquit
1765 1075 1974 1146 qravius

247 1173 454 1245 pondus
496 1182 565 1226 est
607 1171 964 1238 Sacerdotium,
1008 1181 1199 1242 quanto
1243 1170 1400 1225 etiam
1450 1188 1551 1242 pro
1591 1169 1716 1242 ipsis
1758 1169 1981 1241 Reyibas

255 1268 313 1321 in
355 1267 533 1321 divino
574 1276 690 1320 sant
731 1265 996 1320 reddituri
1040 1264 1283 1320 examine
1325 1265 1600 1320 ratio-nem.
1647 1263 1709 1319 Et
1758 1264 1810 1318 in
1872 1283 1983 1320 can.

262 1363 326 1415 11
377 1361 496 1417 dist.
544 1365 614 1415 96
659 1362 781 1416 haec
825 1361 1091 1415 habentur:
1136 1359 1195 1415 Si
1239 1363 1533 1432 Imperator
1575 1357 1851 1413 catholicus
1893 1367 1985 1425 est,

251 1454 391 1529 filius
434 1465 521 1525 est,
572 1472 675 1508 non
726 1454 947 1508 Praesul
1006 1453 1281 1508 Ecclesiae.
1343 1453 1496 1517 Quod
1555 1453 1625 1507 ad
1682 1452 1987 1524 religionem

258 1551 495 1624 competit
538 1550 730 1604 discere
776 1550 823 1604 ei
867 1549 1118 1619 convenit,
1161 1567 1265 1603 non
1316 1549 1497 1603 docere
1503 1592 1598 1605 .....
1661 1552 1800 1603 Deus
1849 1548 1987 1603 enim

258 1645 438 1714 voluit⁹
481 1644 669 1699 saeculi
705 1653 995 1716 potestatesj
1039 1644 1082 1697 si
1129 1643 1303 1717 fideles
1352 1652 1489 1713 sum,
1550 1643 1805 1697 Ecclesiae
1865 1660 1985 1698 suae

260 1739 620 1795 Sacerdotibus
664 1756 761 1792 esse
804 1737 1073 1811 subjectas,
1118 1734 1283 1810 Atque
1324 1737 1454 1792 hanc
1498 1749 1786 1812 perpetuam
1831 1736 1985 1792 fuisse

262 1834 518 1891 Ecclesiae
562 1835 844 1889 doctrinam
898 1833 1219 1889 manifestum
1272 1846 1344 1890 est
1402 1853 1465 1889 ex
1525 1831 1756 1889 Concilio
1817 1832 1986 1888 Illibe-

260 1932 426 1986 ritano
469 1948 579 1985 can.
627 1932 680 1998 2,
727 1933 781 1998 3,
837 1931 907 1983 55
970 1940 1017 1983 et
1062 1932 1155 1997 56,
1213 1924 1496 1983 Arelatensi
1555 1925 1581 1982 I
1640 1947 1751 1985 can.
1812 1932 1863 1997 7,
1923 1947 1985 1983 ex

262 2021 446 2079 Basilii
488 2023 552 2078 ad
597 2021 932 2078 Athanasium
975 2024 1121 2097 epist.
1169 2023 1264 2091 61,
1306 2019 1568 2078 Ambrosii
1609 2023 1755 2097 epist.
1812 2025 1883 2076 40
1929 2042 1980 2079 n.

267 2120 335 2172 17
383 2117 447 2172 ad
490 2116 857 2186 Theodosium,
918 2136 980 2172 ex
1038 2117 1250 2190 aliisque
1311 2113 1555 2171 Conciliis
1615 2128 1660 2173 et
1720 2115 1979 2172 Patribus,

263 2210 454 2267 Eadem
513 2209 714 2266 Natalis
765 2208 1081 2281 Alexandri,
1141 2223 1187 2265 et
1247 2211 1309 2267 cl.
1372 2209 1606 2281 Bossuet‚
1667 2211 1979 2284 aliorumque

263 2304 640 2376 Theologorum
682 2317 729 2359 et
773 2302 1163 2362 Cauonistarum
1206 2307 1449 2361 sententia
1490 2317 1581 2362 est.

1023 2467 1069 2542 g,
1118 2475 1210 2528 57.

528 2606 600 2651 DE
637 2604 897 2651 CLERICIS
936 2604 1253 2660 EORUMQUE
1292 2606 1657 2652 IMMUNITATE

346 2769 530 2827 Clerici
573 2790 671 2828 non
713 2791 852 2827 secus
913 2792 970 2827 ac
1030 2772 1149 2827 laici
1209 2770 1464 2828 Ecclesiae
1526 2773 1719 2844 legibus
1773 2775 1977 2847 ejusque

206 2938 213 2946 ·
266 2867 477 2938 imperio
520 2865 817 2922 subduntur.
881 2864 1147 2922 Praeterea
1208 2886 1236 2921 a
1298 2864 1508 2923 Clericis
1569 2866 1845 2941 parendum
1905 2878 1978 2921 est
