2114 3289
672 119 715 194 §.
744 142 833 178 xv.
864 143 923 177 DE
952 142 1063 179 Fini:
1098 141 1347 178 PamATUs
1712 128 1780 177 57

152 243 331 300 Petrus
383 243 604 300 omnium
648 244 839 316 primus
884 242 1032 297 rebus
1076 243 1309 298 omnibus
1352 261 1403 297 se
1446 240 1740 312 abdicavit3
1788 243 1861 297 vel

153 340 366 394 eximiae
408 339 513 408 ejus
558 336 711 405 fidei,
756 337 875 409 quia
917 338 1110 410 primus
1171 339 1224 390 in
1286 334 1488 391 Christo
1550 335 1861 391 divinitatem

154 433 358 503 agnovit
405 443 451 486 et
492 429 747 486 confessus
792 442 901 499 est3
946 431 1021 484 vel
1064 429 1272 485 ferventi
1318 432 1508 499 amori,
1551 430 1668 504 quia
1712 427 1863 484 Chri-

153 539 283 583 stum
333 528 444 601 plus
496 528 670 581 ceteris
715 526 976 596 diligebat.
1039 524 1140 581 Sed
1185 528 1410 598 quaestio
1452 527 1710 600 proposita
1752 536 1862 593 est3

152 621 273 695 quid
309 620 402 675 fuit
435 639 632 689 causae,
660 640 748 674 cur
789 618 1072 674 Primatum
1117 617 1349 676 Christus
1394 616 1704 675 instituerit?
1747 617 1862 673 Jam

153 735 269 771 vero
312 713 594 770 Primatum
637 735 664 769 a
708 712 912 770 Christo
956 714 1236 768 institutum
1279 732 1422 782 esse,
1475 725 1528 768 ut
1586 714 1863 768 catholicae

150 810 405 867 Ecclesiae
458 813 622 866 unitas
667 810 1004 879 formaretur,
1049 822 1281 882 sartaque
1324 821 1450 867 tecta
1493 809 1863 877 custodiretur,

149 925 212 961 ex
270 916 505 979 perpetua
568 918 616 962 et
658 904 906 959 luculenta
950 902 1045 961 SS.
1098 902 1308 958 Patrum
1361 903 1630 958 traditione
1673 915 1860 957 certum

149 1011 238 1056 est.
286 998 499 1069 benaci,
533 997 854 1068 Hieronymi,
881 995 1063 1054 Leonis
1091 997 1288 1068 Magni,
1317 998 1628 1070 aliorumque
1654 995 1865 1051 Patrum

148 1095 433 1150 testimonia
477 1093 681 1164 longum
726 1105 854 1147 esset
897 1092 1100 1161 referre,
1128 1112 1283 1166 eaque
1325 1092 1424 1163 legi
1467 1102 1697 1166 poterunt
1731 1090 1864 1164 apud

146 1188 354 1245 Petrum
415 1188 660 1244 Ballerini
721 1190 772 1243 in
822 1208 972 1245 aureo
1024 1188 1154 1243 libro
1198 1192 1276 1242 De
1319 1188 1370 1241 ci
1413 1199 1457 1242 et
1499 1186 1701 1240 ratione
1746 1185 1868 1239 Pri-

145 1294 314 1338 matus
357 1303 466 1358 cap.
515 1285 604 1339 13.
667 1280 1015 1350 Quamobrem
1076 1280 1425 1336 Catechismus
1484 1280 1746 1335 Romanus
1799 1279 1865 1335 ad

148 1392 243 1436 art.
290 1385 342 1435 9.
388 1377 620 1449 Symboli
663 1372 707 1449 ὃ.
758 1379 830 1431 12
872 1377 1130 1451 praeclare
1190 1389 1236 1432 et
1296 1376 1555 1432 verissime
1615 1373 1862 1430 tradidit:

146 1473 274 1527 Fuit
315 1471 411 1526 illa
453 1471 685 1525 omnium
709 1472 931 1526 Patriam
974 1470 1111 1524 ratio
1153 1480 1200 1524 et
1241 1469 1492 1524 sententia
1524 1467 1859 1535 consentiens,

149 1566 240 1621 hoc
282 1565 479 1621 visibile
540 1568 703 1638 Caput
746 1560 1071 1636 (Romanum
1113 1560 1448 1636 Pontificem)
1498 1563 1569 1618 acl
1616 1563 1868 1618 unitatem

146 1660 403 1715 Ecclesiae
462 1659 871 1714 constituendam
947 1669 992 1713 et
1062 1659 1464 1713 conservandam
1525 1657 1869 1713 necessa-rium

148 1755 321 1828 fuisse.
383 1751 515 1812 Sane
576 1751 809 1811 Christus
868 1752 1115 1809 Dominus
1173 1771 1273 1809 non
1322 1753 1511 1826 plures,
1572 1753 1659 1808 sed
1713 1770 1865 1807 unam

150 1848 429 1907 Ecclesiam
472 1849 759 1919 constituit3
801 1848 1064 1922 primaque
1106 1858 1153 1902 et
1194 1848 1360 1921 potior
1409 1844 1665 1902 Ecclesiae
1724 1866 1868 1921 prae-

148 1947 377 2017 rogativa
420 1945 472 1999 in
515 1944 700 1998 unitate
742 1944 906 2017 posita
966 1954 1058 2012 est,
1102 1941 1238 2016 quod
1289 1940 1524 2011 Synodus
1579 1938 1868 1996 Constanti-

148 2040 440 2113 nopolitana
491 2036 514 2092 I
565 2039 615 2091 in
671 2035 916 2107 Symbolo
977 2034 1120 2091 Fidei
1179 2035 1427 2092 definivit.
1486 2032 1644 2091 Nulla
1703 2047 1868 2090 autem

154 2134 321 2189 unitas
365 2152 472 2188 esse
515 2143 696 2206 potest,
740 2143 824 2187 aut
866 2132 1164 2201 excogitari,
1199 2131 1298 2185 nisi
1341 2148 1467 2185 unus
1512 2142 1559 2184 et
1600 2141 1761 2185 certus
1805 2131 1871 2184 sit:

152 2226 473 2302 EpiscopuS‚
535 2227 615 2281 cui
676 2224 855 2298 reliqui
917 2220 1155 2281 Pastores
1205 2236 1252 2280 et
1296 2224 1466 2280 fideles
1507 2223 1782 2280 adhaerere
1823 2236 1869 2279 et

146 2321 350 2378 subesse
392 2333 667 2377 teneantur.
716 2317 889 2393 Itaque
932 2316 1188 2389 ChristuS‚
1223 2321 1293 2376 ait
1336 2316 1623 2393 Cyprianus
1665 2317 1756 2375 lib.
1802 2318 1864 2373 de

144 2415 288 2473 Unit.
311 2459 327 2486 ,
370 2425 426 2469 ut
467 2415 718 2469 unitatem
759 2413 1150 2486 manifestaret,
1192 2430 1352 2469 unam
1395 2412 1702 2469 Cathedrarn
1751 2430 1869 2466 con-

140 2512 327 2579 stituit,
372 2522 417 2566 et
457 2511 671 2565 unitatis
714 2510 947 2584 ejusdem
988 2510 1243 2581 oriqinein
1285 2510 1348 2564 ab
1389 2527 1492 2563 uno
1535 2507 1867 2580 incipientem

143 2623 235 2662 sua
286 2606 589 2662 auctoritate
651 2605 899 2678 disposuit
945 2649 1131 2662 .....
1178 2617 1224 2660 et
1267 2604 1533 2658 Primatas
1576 2603 1732 2656 Petro
1775 2603 1867 2657 da-

143 2710 249 2767 tur,
292 2711 348 2755 ut
389 2719 497 2755 una
541 2700 729 2756 Christi
772 2700 1022 2767 Ecclesia,
1068 2710 1114 2754 ct
1158 2699 1412 2755 Catltecira
1463 2715 1570 2751 una
1624 2706 1868 2752 monstre-

147 2806 251 2852 tur.
288 2796 351 2852 Et
393 2797 608 2872 Optatus
652 2797 979 2853 Milevitanus
1023 2797 1114 2853 lib.
1147 2800 1179 2850 2
1224 2807 1396 2852 contra
1440 2792 1861 2849 Parmenianum:

147 2894 348 2963 Neqare
392 2912 494 2948 non
528 2905 670 2966 potes
719 2897 871 2948 Petro
932 2892 1239 2949 Cathedram.
1282 2890 1636 2963 Episcopalein
1689 2889 1863 2962 primo
