2114 3289
688 115 735 191 §.
782 138 915 175 Lvm⁶
964 139 1022 174 DE
1069 138 1345 175 unffi-loun
1681 122 1791 176 215

146 244 264 299 bilis
305 241 558 298 Ecclesiae
601 240 987 309 detrimentum,
1016 242 1059 296 si
1103 258 1218 296 eum
1258 241 1322 297 ole
1363 239 1456 295 hac
1497 240 1608 296 luce
1643 243 1866 299 transire

146 336 415 409 contigerit
433 378 454 404 ,
497 352 599 389 non
641 335 748 390 sine
790 346 966 390 nostra
1007 334 1374 390 consultatione
1425 334 1700 410 cujuslibet
1749 335 1874 391 cele-

149 431 389 485 braretur
431 428 624 485 electio,
668 427 842 497 Quare
883 429 1136 485 Baronius
1182 429 1247 485 ad
1291 448 1476 485 annum
1522 433 1634 486 483
1679 424 1724 501 §.
1768 432 1870 484 11:

158 525 340 593 Vides,
381 525 574 598 inquit,
615 524 794 596 quibus
836 524 1032 578 artibus
1072 523 1356 600 saeculares
1389 535 1661 598 potestates
1702 524 1876 579 immi·-

147 635 280 674 scere
322 635 370 674 se
413 629 624 673 conatae
666 619 767 673 sint
807 618 866 672 in
908 617 1147 672 electione
1192 618 1416 672 Romani
1459 619 1742 692 Pontificis.
1772 620 1874 671 Po-

147 713 248 767 tuit
287 713 417 785 forte
459 729 658 783 roqasse
702 730 818 766 eum
860 711 1157 784 Simplicius
1200 714 1388 784 Papa,
1431 724 1487 766 ut
1534 714 1605 767 acl
1655 711 1876 784 compri-

144 807 358 861 mendas
415 807 589 861 turbas
641 805 958 877 dissidiaque
1001 805 1218 860 vitanda
1253 818 1460 878 praesto
1503 818 1623 862 essct
1663 807 1873 879 futurae

145 899 380 955 electioni
421 899 729 957 Successoris
772 899 1060 974 PontificiS,
1086 917 1190 954 non
1230 910 1402 954 autem
1443 910 1499 954 ut
1541 901 1723 972 absque
1760 900 1874 974 ejus

144 994 511 1049 consultatione
572 994 746 1048 electio
788 994 928 1048 haud
965 995 1128 1067 fieret.
1190 992 1379 1050 Verum
1421 993 1694 1051 Pontifices
1738 993 1873 1052 Sim-

146 1088 287 1163 plicii
343 1088 668 1145 Successores
718 1087 970 1145 Odoacris
1032 1089 1191 1159 legem
1252 1100 1670 1163 contempserunt.
1732 1087 1870 1146 Nam

146 1181 485 1254 Symmachus
538 1181 600 1239 P.
645 1185 697 1239 in
740 1180 982 1239 Conciliis
1026 1181 1221 1238 Romae
1264 1183 1453 1238 habitis
1497 1202 1578 1240 an.
1627 1186 1778 1253 500,
1822 1194 1870 1238 et

147 1280 262 1331 502
305 1289 409 1333 tum
452 1296 564 1333 eam
605 1277 764 1349 legem
807 1277 1092 1347 abrogavit,
1120 1288 1224 1331 tum
1268 1278 1418 1332 etiam
1463 1278 1655 1347 statuit,
1690 1288 1742 1332 ut
1783 1277 1870 1333 ille

144 1368 381 1428 Pontifex
424 1372 711 1441 haberetur,
747 1373 834 1444 qui
878 1370 1299 1426 consentientibus
1344 1372 1494 1425 totius
1538 1371 1867 1427 ecclesiastici

144 1463 357 1521 Ordinis
408 1465 662 1536 suffragiis
712 1475 906 1520 creatus
949 1474 1113 1533 esset,
1156 1475 1242 1519 aut
1281 1465 1326 1520 si
1368 1464 1534 1520 studia
1577 1466 1629 1521 in
1672 1476 1867 1539 partem

142 1558 397 1616 diversam
441 1561 636 1615 animos
679 1558 1010 1628 inclinarent,
1053 1557 1278 1613 vinceret
1319 1558 1568 1613 sententia
1610 1558 1868 1632 plurimo-

142 1670 260 1708 rum
280 1675 302 1724 ,-
358 1653 492 1727 quod
536 1653 791 1709 decretum
832 1664 969 1708 extat
1011 1651 1145 1727 apud
1189 1650 1448 1708 Labbeum
1491 1665 1612 1709 tom.
1659 1658 1695 1708 4
1738 1651 1871 1709 Con-

146 1748 417 1817 ciliorum,
460 1760 506 1803 et
549 1747 682 1821 apud
732 1744 1032 1803 Gratianum
1092 1764 1203 1803 can.
1265 1746 1325 1804 Si
1384 1747 1630 1801 transitus
1690 1750 1867 1821 Papae

147 1842 266 1899 dist.
317 1846 408 1898 79.

222 1934 290 1991 At
350 1954 465 1991 vero
517 1934 753 1991 Odoacer
795 1952 948 2006 regno
991 1954 1048 1990 ac
1092 1936 1194 1990 vita
1237 1954 1265 1990 a
1308 1933 1630 1992 Theodorico
1674 1934 1867 1993 Gotho-

142 2049 254 2086 rum
297 2029 435 2101 Rege
477 2031 703 2105 privatus
746 2041 836 2085 est.
882 2027 1000 2097 Quo
1035 2027 1168 2085 facto
1195 2026 1545 2085 Theodoricus
1575 2049 1673 2087 non
1702 2031 1868 2087 solum

145 2124 515 2194 confirmandi,
575 2124 662 2180 sed
724 2125 873 2179 etiam
935 2123 1154 2195 eligendi
1206 2121 1429 2179 Romani
1478 2122 1744 2181 Pontificis
1785 2127 1866 2197 jus

140 2221 239 2278 sibi
284 2223 561 2295 usurpavit.
605 2219 736 2276 Huic
778 2223 851 2276 rei
895 2239 1006 2276 cum
1051 2218 1227 2276 Clerus
1263 2218 1575 2294 Senatusque
1599 2220 1862 2278 Romanus

138 2318 360 2390 primum
396 2316 690 2386 obstitisset,
734 2315 914 2371 deinde
955 2314 1179 2371 evitandi
1222 2316 1338 2371 novi
1365 2315 1653 2371 schismatis
1696 2318 1861 2388 gratia

141 2427 373 2467 assensus
434 2421 545 2480 est,
587 2429 743 2484 eaque
785 2411 893 2481 lege
935 2428 1012 2465 res
1057 2410 1355 2483 composita,
1399 2421 1452 2464 ut
1493 2412 1545 2464 in
1587 2421 1868 2483 posterum,

144 2524 283 2561 more
326 2503 561 2580 pristine,
590 2503 765 2562 Clerus
809 2506 1011 2577 eligeret
1053 2503 1342 2561 Romanum
1371 2502 1689 2574 Pontificem,
1716 2524 1863 2578 quem

143 2597 258 2654 Rex
318 2619 523 2656 assensu
584 2619 673 2656 suo
734 2600 1068 2657 confirmaret.
1130 2598 1293 2654 Victis
1347 2598 1560 2671 denique
1609 2599 1868 2672 pulsisque

145 2691 293 2750 Italia
338 2693 549 2765 Gothis,
593 2713 705 2751 cum
748 2694 1061 2750 Justinianus
1106 2692 1273 2749 Roma
1316 2693 1584 2766 potiretur,
1626 2693 1706 2763 jus
1750 2712 1868 2748 con-

148 2787 428 2844 firmandae
468 2790 723 2846 electionis
758 2788 977 2846 Romani
1005 2788 1268 2845 Pontificis
1296 2786 1394 2841 sibi
1422 2788 1697 2857 arrogavit,
1725 2787 1860 2860 quod

141 2882 221 2954 jus
267 2881 590 2943 Successores
635 2885 889 2944 mordicus
933 2895 1220 2955 tenuerunt,
1263 2883 1383 2956 quin
1426 2883 1550 2953 imo,
1579 2893 1698 2939 teste
1727 2879 1861 2940 Ana-
