2114 3289
322 91 351 138 6
622 105 734 140 CAP.
779 105 810 139 1.
858 104 917 138 ne
960 104 1081 137 ,unm
1125 103 1240 138 CAN.
1286 95 1571 137 GENERATIM

238 212 354 280 aine
378 232 393 281 3
436 228 684 282 namque,
728 219 779 261 ut
822 208 982 278 inquit
1025 203 1286 277 Zallinger
1324 205 1388 262 de
1426 204 1546 259 Jure
1588 216 1812 283 naturae=
1853 223 1943 278 pu-

240 306 370 360 blico
412 305 501 360 lib.
548 301 621 357 lll
665 323 773 376 cap.
818 299 890 354 VI
931 296 976 371 ᾗ.
1025 303 1174 369 223,
1217 299 1376 371 Origo
1417 301 1626 373 imperii
1667 301 1833 356 civilis
1876 313 1944 356 est

239 420 272 455 a
313 405 422 454 Deo
462 410 518 452 ut
558 408 761 452 auctore
811 407 1068 462 naturae,
1112 413 1271 465 neque
1312 405 1532 450 naturae
1572 395 1844 465 ordinem,
1886 413 1946 450 ac

237 495 424 549 limites
464 491 815 546 transcendit:
858 491 1005 561 oriqo
1045 489 1255 562 imperii
1297 489 1618 544 ecclesiastici
1661 508 1693 545 a
1734 494 1845 544 Deo
1877 500 1947 544 est

238 601 292 641 ut
334 587 573 641 collatore
613 585 812 657 qratiae
853 583 1283 655 s·upernaturali3‚
1320 584 1641 656 proindeque
1683 584 1830 655 lonye
1871 587 1946 638 al-

236 685 382 738 tioris
432 682 667 749 ordinis9
710 700 860 752 quam
904 691 961 733 ut
1002 698 1116 733 cum
1157 679 1269 733 ulla
1308 697 1364 734 re
1406 679 1677 752 temporali
1719 680 1776 733 in
1816 699 1947 733 com-

230 778 557 851 parationem
598 776 810 841 venire,
853 786 944 828 aut
978 774 1149 846 pretio
1190 775 1483 846 comparari
1527 774 1706 846 possit.
1767 772 1948 829 Differ-t

238 874 466 947 objecta,
524 885 785 946 propterea
836 871 971 943 quod
1013 872 1093 940 jus
1136 871 1529 925 ecclesiasticum
1572 870 1857 944 spiritualia
1899 882 1948 925 et

237 988 378 1023 sacra
439 966 756 1034 moderatum
815 965 962 1020 civile
1021 965 1225 1038 politica
1286 976 1333 1019 et
1393 964 1706 1038 temporalia.
1770 963 1948 1020 Differt

238 1065 449 1136 denique
486 1063 616 1135 fine,
658 1057 776 1134 quia
818 1064 899 1132 jus
941 1061 1334 1116 ecclesiasticum
1378 1071 1629 1115 aeternam
1683 1061 1946 1116 hominum

237 1159 594 1214 beatitudinem
653 1159 917 1231 praecipue
977 1167 1202 1230 spectat3
1263 1155 1411 1211 civile
1466 1175 1583 1211 vero
1627 1156 1955 1229 temporalem

237 1252 580 1308 tantummodo
640 1252 944 1306 felicitatem.
1008 1250 1086 1305 Ex
1136 1269 1234 1322 qua
1276 1249 1465 1324 triplici
1510 1249 1795 1304 differentia
1838 1270 1955 1324 pro-

237 1348 372 1402 ditur
430 1349 579 1402 etiam
640 1345 820 1420 triplex
882 1364 1069 1414 cansa,
1131 1344 1459 1418 quamobrem
1502 1342 1592 1399 Jus
1638 1342 1952 1400 Canonieun]

235 1441 382 1512 longe
424 1441 732 1514 multumque
771 1441 873 1509 juri
916 1440 1053 1494 civili
1097 1439 1364 1494 antecellit.
1411 1437 1571 1509 Igitur
1612 1438 1702 1494 Jus
1731 1437 1955 1494 Canoni-

236 1555 348 1591 cum
373 1534 571 1590 excellit
610 1531 691 1590 1.⁰
736 1535 927 1589 ratione
971 1534 1230 1606 potestatis
1274 1532 1404 1587 unde
1447 1545 1634 1589 manat.
1681 1532 1951 1588 Praeclare

236 1628 439 1685 Fortun.
502 1628 688 1684 Gareia
747 1627 808 1682 de
868 1627 1044 1682 ultimo
1095 1626 1191 1681 fine
1240 1629 1454 1700 utriusq.
1497 1628 1602 1697 jur.
1643 1646 1779 1683 num.
1834 1631 1951 1682 72:

238 1724 422 1777 Prima
482 1734 549 1777 est
609 1720 914 1775 eoeeellentia
972 1738 1154 1775 causae
1206 1721 1503 1793 efficienti33
1547 1740 1669 1775 nam
1711 1726 1954 1778 Summus

242 1818 483 1889 Pontifex
525 1815 779 1889 majorem
810 1815 956 1869 habet
992 1814 1437 1888 jurisdictionem,
1466 1826 1511 1871 et
1537 1815 1954 1870 excellentiorem

235 1930 388 1982 quam
429 1912 534 1983 ipse
578 1914 887 1981 Imperator.
927 1913 1107 1979 Itaque
1151 1908 1378 1980 cliynitas
1418 1909 1645 1981 supremi
1687 1910 1954 1982 Pontificis

236 2017 304 2060 est
346 2005 504 2058 multo
546 2003 738 2057 clarior
789 2014 834 2057 et
894 2003 1202 2057 eminentior
1257 2003 1508 2074 diqnitate
1570 2004 1952 2076 Imperatoria,

236 2100 372 2169 qnod
413 2116 444 2151 a
486 2101 594 2152 Deo
637 2114 787 2169 super
829 2115 1028 2150 omnem
1071 2096 1302 2150 animam
1342 2097 1641 2151 constitutus
1683 2108 1776 2163 est,
1813 2097 1953 2152 ‘unde

235 2194 373 2247 idem
434 2192 588 2246 etiam
649 2194 938 2262 Imperator
981 2190 1027 2245 ei
1077 2190 1370 2263 subjicitur.
1432 2195 1501 2245 At
1542 2202 1772 2259 constat,
1815 2192 1954 2264 quod

236 2288 366 2358 legyes
389 2286 712 2357 superiorum
739 2284 999 2355 (liqniores
1024 2284 1123 2338 sint
1149 2284 1340 2355 legibus
1365 2285 1694 2357 inferiorum.
1743 2283 1826 2342 2⁰
1869 2305 1948 2341 ra-

239 2383 370 2436 tione
431 2380 646 2449 objecti:
711 2381 875 2431 Tanto
924 2377 1169 2446 altiores,
1219 2379 1470 2448 eleganter
1510 2382 1712 2453 scripsit
1754 2379 1949 2435 Baldus

240 2475 327 2530 lib.
378 2476 401 2526 1
452 2473 629 2528 consil.
675 2476 816 2541 464,
857 2483 972 2525 sunt
1017 2475 1274 2539 CanoneS,
1316 2484 1506 2544 quanto
1548 2474 1677 2528 caeli
1718 2485 1834 2528 sunt
1877 2473 1952 2528 al-

238 2569 389 2621 tiores
430 2579 592 2633 terra,
625 2566 749 2636 quia
774 2576 974 2620 tantum
999 2567 1191 2621 distant
1218 2569 1444 2622 Canones
1468 2586 1501 2622 α
1526 2567 1717 2640 leqibus
1741 2568 1949 2634 mundi,

238 2672 484 2730 quantum
527 2670 832 2732 perpetuum
874 2678 906 2713 a
947 2660 1310 2732 corruptibili,
1356 2672 1401 2715 et
1442 2678 1588 2715 sacra
1628 2679 1661 2715 a
1692 2661 1948 2732 profanis,

242 2752 324 2808 3.⁰
368 2754 578 2825 denique
623 2753 812 2807 ratione
856 2753 991 2821 fluia,
1026 2754 1160 2825 quod
1203 2753 1325 2807 llaec
1366 2754 1469 2808 duo
1505 2754 1656 2827 jura,
1684 2766 1736 2809 ut
1781 2755 1946 2810 verbis

241 2858 349 2901 utar
408 2846 596 2900 laudati
659 2845 843 2902 Garcia
904 2847 985 2901 eit.
1050 2866 1185 2919 oper.
1242 2867 1377 2904 num.
1429 2851 1533 2916 19„
1579 2866 1625 2903 se
1669 2848 1850 2904 ltabent
1898 2860 1950 2901 ut
