<?xml version="1.0" encoding="UTF-8"?>
<!DOCTYPE html PUBLIC "-//W3C//DTD XHTML 1.0 Transitional//EN"
    "http://www.w3.org/TR/xhtml1/DTD/xhtml1-transitional.dtd">
<html xmlns="http://www.w3.org/1999/xhtml" xml:lang="en" lang="en">
 <head>
  <title>
</title>
<meta http-equiv="Content-Type" content="text/html;charset=utf-8" />
  <meta name='ocr-system' content='tesseract 3.04.00' />
  <meta name='ocr-capabilities' content='ocr_page ocr_carea ocr_par ocr_line ocrx_word'/>
</head>
<body>
  <div class='ocr_page' id='page_1' title='image "./joanniscardinali00sogl_0137.png"; bbox 0 0 2114 3289; ppageno 0'>
   <div class='ocr_carea' id='block_1_1' title="bbox 338 111 1789 187">
    <p class='ocr_par' dir='ltr' id='par_1_1' title="bbox 338 111 1789 187">
     <span class='ocr_line' id='line_1_1' title="bbox 338 111 1789 187; baseline 0.001 -15"><span class='ocrx_word' id='word_1_1' title='bbox 338 111 382 187; x_wconf 55' lang='grc' dir='ltr'>Ξ.</span> <span class='ocrx_word' id='word_1_2' title='bbox 414 135 552 172; x_wconf 77' lang='lat' dir='ltr'>xmv.</span> <span class='ocrx_word' id='word_1_3' title='bbox 584 135 643 170; x_wconf 85' lang='lat' dir='ltr'>DE</span> <span class='ocrx_word' id='word_1_4' title='bbox 676 135 789 170; x_wconf 84' lang='lat' dir='ltr'>REG.</span> <span class='ocrx_word' id='word_1_5' title='bbox 819 134 869 170; x_wconf 76' lang='lat' dir='ltr'>m</span> <span class='ocrx_word' id='word_1_6' title='bbox 897 134 987 170; x_wconf 79' lang='lat' dir='ltr'>usu</span> <span class='ocrx_word' id='word_1_7' title='bbox 1013 135 1149 172; x_wconf 76' lang='lat' dir='ltr'>sums</span> <span class='ocrx_word' id='word_1_8' title='bbox 1177 134 1279 173; x_wconf 78' lang='lat' dir='ltr'>clv.</span> <span class='ocrx_word' id='word_1_9' title='bbox 1312 135 1627 172; x_wconf 81' lang='lat' dir='ltr'><strong>OBSERVAND.</strong></span> <span class='ocrx_word' id='word_1_10' title='bbox 1678 120 1789 173; x_wconf 86' lang='lat'>103</span> 
     </span>
    </p>
   </div>
   <div class='ocr_carea' id='block_1_2' title="bbox 146 236 1878 1158">
    <p class='ocr_par' dir='ltr' id='par_1_2' title="bbox 146 236 1878 1158">
     <span class='ocr_line' id='line_1_2' title="bbox 153 236 1876 310; baseline 0 -18"><span class='ocrx_word' id='word_1_11' title='bbox 153 237 242 294; x_wconf 88' lang='lat' dir='ltr'>lib.</span> <span class='ocrx_word' id='word_1_12' title='bbox 290 236 364 292; x_wconf 91' lang='lat' dir='ltr'>IX</span> <span class='ocrx_word' id='word_1_13' title='bbox 407 257 516 310; x_wconf 89' lang='lat' dir='ltr'>cap.</span> <span class='ocrx_word' id='word_1_14' title='bbox 566 239 657 305; x_wconf 76' lang='lat'>14,</span> <span class='ocrx_word' id='word_1_15' title='bbox 702 239 743 290; x_wconf 80' lang='lat' dir='ltr'>si</span> <span class='ocrx_word' id='word_1_16' title='bbox 785 255 891 290; x_wconf 50' lang='lat' dir='ltr'>‘re-m</span> <span class='ocrx_word' id='word_1_17' title='bbox 952 248 1168 308; x_wconf 79' lang='lat' dir='ltr'>spectent</span> <span class='ocrx_word' id='word_1_18' title='bbox 1232 257 1363 292; x_wconf 77' lang='lat' dir='ltr'>mere</span> <span class='ocrx_word' id='word_1_19' title='bbox 1414 238 1723 309; x_wconf 52' lang='lat' dir='ltr'>profanam„</span> <span class='ocrx_word' id='word_1_20' title='bbox 1787 258 1876 294; x_wconf 79' lang='lat' dir='ltr'>nec</span> 
     </span>
     <span class='ocr_line' id='line_1_3' title="bbox 157 330 1878 404; baseline 0.001 -19"><span class='ocrx_word' id='word_1_21' title='bbox 157 332 263 386; x_wconf 74' lang='lat' dir='ltr'>ulla</span> <span class='ocrx_word' id='word_1_22' title='bbox 294 350 360 386; x_wconf 71' lang='lat'>0:13</span> <span class='ocrx_word' id='word_1_23' title='bbox 380 342 534 402; x_wconf 61' lang='lat' dir='ltr'>purte</span> <span class='ocrx_word' id='word_1_24' title='bbox 575 330 736 384; x_wconf 65' lang='lat' dir='ltr'>sacris</span> <span class='ocrx_word' id='word_1_25' title='bbox 780 331 1056 385; x_wconf 65' lang='lat' dir='ltr'>canonibus</span> <span class='ocrx_word' id='word_1_26' title='bbox 1101 333 1456 401; x_wconf 67' lang='lat' dir='ltr'>adversentur,</span> <span class='ocrx_word' id='word_1_27' title='bbox 1499 332 1650 386; x_wconf 75' lang='lat' dir='ltr'>tacite</span> <span class='ocrx_word' id='word_1_28' title='bbox 1688 351 1878 404; x_wconf 76' lang='lat' dir='ltr'>appro-</span> 
     </span>
     <span class='ocr_line' id='line_1_4' title="bbox 154 425 1877 500; baseline 0.001 -20"><span class='ocrx_word' id='word_1_29' title='bbox 154 428 300 480; x_wconf 68' lang='lat' dir='ltr'>batae</span> <span class='ocrx_word' id='word_1_30' title='bbox 341 426 582 478; x_wconf 64' lang='lat' dir='ltr'>videntur</span> <span class='ocrx_word' id='word_1_31' title='bbox 625 425 681 478; x_wconf 74' lang='lat' dir='ltr'>in</span> <span class='ocrx_word' id='word_1_32' title='bbox 724 444 766 481; x_wconf 80' lang='grc'>6.</span> <span class='ocrx_word' id='word_1_33' title='bbox 816 427 840 477; x_wconf 96' lang='grc'>1</span> <span class='ocrx_word' id='word_1_34' title='bbox 892 427 952 478; x_wconf 73' lang='lat' dir='ltr'>cie</span> <span class='ocrx_word' id='word_1_35' title='bbox 980 427 1096 479; x_wconf 72' lang='lat' dir='ltr'>novi</span> <span class='ocrx_word' id='word_1_36' title='bbox 1128 446 1266 497; x_wconf 69' lang='lat' dir='ltr'>oper.</span> <span class='ocrx_word' id='word_1_37' title='bbox 1311 426 1544 482; x_wconf 75' lang='lat' dir='ltr'>nunciat.</span> <span class='ocrx_word' id='word_1_38' title='bbox 1599 425 1773 500; x_wconf 87' lang='lat' dir='ltr'>Itaque</span> <span class='ocrx_word' id='word_1_39' title='bbox 1827 439 1877 481; x_wconf 92' lang='lat' dir='ltr'>ut</span> 
     </span>
     <span class='ocr_line' id='line_1_5' title="bbox 152 519 1873 593; baseline 0.001 -19"><span class='ocrx_word' id='word_1_40' title='bbox 152 522 280 575; x_wconf 89' lang='lat' dir='ltr'>hanc</span> <span class='ocrx_word' id='word_1_41' title='bbox 326 519 550 590; x_wconf 83' lang='lat' dir='ltr'>regulam</span> <span class='ocrx_word' id='word_1_42' title='bbox 594 519 834 574; x_wconf 88' lang='lat' dir='ltr'>adhibere</span> <span class='ocrx_word' id='word_1_43' title='bbox 894 530 1024 573; x_wconf 86' lang='lat' dir='ltr'>recte</span> <span class='ocrx_word' id='word_1_44' title='bbox 1086 522 1356 593; x_wconf 78' lang='lat' dir='ltr'>possimus,</span> <span class='ocrx_word' id='word_1_45' title='bbox 1411 520 1873 575; x_wconf 86' lang='lat' dir='ltr'>animadvertamus</span> 
     </span>
     <span class='ocr_line' id='line_1_6' title="bbox 151 613 1871 688; baseline 0.001 -19"><span class='ocrx_word' id='word_1_46' title='bbox 151 625 362 687; x_wconf 73' lang='lat' dir='ltr'>oportet,</span> <span class='ocrx_word' id='word_1_47' title='bbox 408 632 534 686; x_wconf 86' lang='lat' dir='ltr'>quae</span> <span class='ocrx_word' id='word_1_48' title='bbox 578 632 653 668; x_wconf 89' lang='lat' dir='ltr'>res</span> <span class='ocrx_word' id='word_1_49' title='bbox 700 632 831 667; x_wconf 86' lang='lat' dir='ltr'>mere</span> <span class='ocrx_word' id='word_1_50' title='bbox 876 613 1135 687; x_wconf 69' lang='lat' dir='ltr'>profanae,</span> <span class='ocrx_word' id='word_1_51' title='bbox 1179 634 1305 686; x_wconf 88' lang='lat' dir='ltr'>quae</span> <span class='ocrx_word' id='word_1_52' title='bbox 1351 627 1523 670; x_wconf 86' lang='lat' dir='ltr'>contra</span> <span class='ocrx_word' id='word_1_53' title='bbox 1584 615 1871 688; x_wconf 73' lang='lat' dir='ltr'>spirituales</span> 
     </span>
     <span class='ocr_line' id='line_1_7' title="bbox 147 705 1873 782; baseline 0.001 -20"><span class='ocrx_word' id='word_1_54' title='bbox 147 720 193 762; x_wconf 91' lang='lat' dir='ltr'>et</span> <span class='ocrx_word' id='word_1_55' title='bbox 255 708 623 762; x_wconf 88' lang='lat' dir='ltr'>ecclesiasticae</span> <span class='ocrx_word' id='word_1_56' title='bbox 697 706 939 762; x_wconf 81' lang='lat' dir='ltr'>dicendae</span> <span class='ocrx_word' id='word_1_57' title='bbox 1002 709 1118 763; x_wconf 90' lang='lat' dir='ltr'>sint.</span> <span class='ocrx_word' id='word_1_58' title='bbox 1184 705 1357 780; x_wconf 88' lang='lat' dir='ltr'>Itaque</span> <span class='ocrx_word' id='word_1_59' title='bbox 1420 709 1720 782; x_wconf 88' lang='lat' dir='ltr'>ubicumque</span> <span class='ocrx_word' id='word_1_60' title='bbox 1782 707 1873 763; x_wconf 90' lang='lat' dir='ltr'>Jus</span> 
     </span>
     <span class='ocr_line' id='line_1_8' title="bbox 149 800 1873 874; baseline 0.001 -17"><span class='ocrx_word' id='word_1_61' title='bbox 149 800 461 857; x_wconf 82' lang='lat' dir='ltr'>Canonicum</span> <span class='ocrx_word' id='word_1_62' title='bbox 505 801 566 855; x_wconf 83' lang='lat' dir='ltr'>(le</span> <span class='ocrx_word' id='word_1_63' title='bbox 609 802 778 874; x_wconf 86' lang='lat' dir='ltr'>aliqua</span> <span class='ocrx_word' id='word_1_64' title='bbox 822 822 872 856; x_wconf 88' lang='lat' dir='ltr'>re</span> <span class='ocrx_word' id='word_1_65' title='bbox 934 814 1018 856; x_wconf 89' lang='lat' dir='ltr'>aut</span> <span class='ocrx_word' id='word_1_66' title='bbox 1077 803 1224 871; x_wconf 74' lang='lat' dir='ltr'>nihil,</span> <span class='ocrx_word' id='word_1_67' title='bbox 1268 815 1352 857; x_wconf 90' lang='lat' dir='ltr'>aut</span> <span class='ocrx_word' id='word_1_68' title='bbox 1405 803 1615 858; x_wconf 78' lang='lat' dir='ltr'>obscure</span> <span class='ocrx_word' id='word_1_69' title='bbox 1679 806 1873 873; x_wconf 78' lang='lat' dir='ltr'>statuit,</span> 
     </span>
     <span class='ocr_line' id='line_1_9' title="bbox 146 896 1873 972; baseline 0.002 -21"><span class='ocrx_word' id='word_1_70' title='bbox 146 899 253 968; x_wconf 87' lang='lat' dir='ltr'>ejus</span> <span class='ocrx_word' id='word_1_71' title='bbox 297 897 562 970; x_wconf 84' lang='lat' dir='ltr'>supplendi</span> <span class='ocrx_word' id='word_1_72' title='bbox 608 896 682 950; x_wconf 76' lang='lat' dir='ltr'>vel</span> <span class='ocrx_word' id='word_1_73' title='bbox 729 897 1091 970; x_wconf 84' lang='lat' dir='ltr'>interpretandi</span> <span class='ocrx_word' id='word_1_74' title='bbox 1136 917 1309 966; x_wconf 75' lang='lat' dir='ltr'>causa,</span> <span class='ocrx_word' id='word_1_75' title='bbox 1354 899 1395 952; x_wconf 91' lang='lat' dir='ltr'>si</span> <span class='ocrx_word' id='word_1_76' title='bbox 1441 917 1517 953; x_wconf 87' lang='lat' dir='ltr'>res</span> <span class='ocrx_word' id='word_1_77' title='bbox 1565 917 1696 953; x_wconf 88' lang='lat' dir='ltr'>mere</span> <span class='ocrx_word' id='word_1_78' title='bbox 1758 919 1873 972; x_wconf 85' lang='lat' dir='ltr'>pro-</span> 
     </span>
     <span class='ocr_line' id='line_1_10' title="bbox 148 991 1868 1064; baseline 0.001 -18"><span class='ocrx_word' id='word_1_79' title='bbox 148 991 264 1046; x_wconf 88' lang='lat' dir='ltr'>fana</span> <span class='ocrx_word' id='word_1_80' title='bbox 308 993 392 1060; x_wconf 75' lang='lat' dir='ltr'>sit,</span> <span class='ocrx_word' id='word_1_81' title='bbox 437 991 501 1045; x_wconf 87' lang='lat' dir='ltr'>ad</span> <span class='ocrx_word' id='word_1_82' title='bbox 543 991 622 1061; x_wconf 85' lang='lat' dir='ltr'>jus</span> <span class='ocrx_word' id='word_1_83' title='bbox 653 991 820 1061; x_wconf 71' lang='lat' dir='ltr'>civile3</span> <span class='ocrx_word' id='word_1_84' title='bbox 864 993 906 1046; x_wconf 86' lang='lat' dir='ltr'>si</span> <span class='ocrx_word' id='word_1_85' title='bbox 951 992 1230 1064; x_wconf 85' lang='lat' dir='ltr'>spiritualis</span> <span class='ocrx_word' id='word_1_86' title='bbox 1276 1004 1358 1046; x_wconf 85' lang='lat' dir='ltr'>aut</span> <span class='ocrx_word' id='word_1_87' title='bbox 1401 992 1742 1048; x_wconf 88' lang='lat' dir='ltr'>ecclesiastica</span> <span class='ocrx_word' id='word_1_88' title='bbox 1785 994 1868 1063; x_wconf 74' lang='lat' dir='ltr'>sit,</span> 
     </span>
     <span class='ocr_line' id='line_1_11' title="bbox 146 1083 1631 1158; baseline 0.001 -18"><span class='ocrx_word' id='word_1_89' title='bbox 146 1085 210 1140; x_wconf 87' lang='lat' dir='ltr'>ad</span> <span class='ocrx_word' id='word_1_90' title='bbox 254 1087 440 1158; x_wconf 84' lang='lat' dir='ltr'>scripta</span> <span class='ocrx_word' id='word_1_91' title='bbox 484 1084 786 1141; x_wconf 82' lang='lat' dir='ltr'>Sanctorum</span> <span class='ocrx_word' id='word_1_92' title='bbox 831 1083 1039 1140; x_wconf 89' lang='lat' dir='ltr'>Patrum</span> <span class='ocrx_word' id='word_1_93' title='bbox 1085 1084 1477 1156; x_wconf 82' lang='lat' dir='ltr'>confugiendum</span> <span class='ocrx_word' id='word_1_94' title='bbox 1519 1087 1631 1143; x_wconf 88' lang='lat' dir='ltr'>erit.</span> 
     </span>
    </p>
   </div>
   <div class='ocr_carea' id='block_1_3' title="bbox 127 1257 1881 3022">
    <p class='ocr_par' dir='ltr' id='par_1_3' title="bbox 127 1257 1881 2537">
     <span class='ocr_line' id='line_1_12' title="bbox 202 1257 1873 1315; baseline 0.001 -12"><span class='ocrx_word' id='word_1_95' title='bbox 202 1258 505 1303; x_wconf 75' lang='lat' dir='ltr'>Recentiores</span> <span class='ocrx_word' id='word_1_96' title='bbox 539 1258 840 1311; x_wconf 84' lang='lat' dir='ltr'>Canonistae,</span> <span class='ocrx_word' id='word_1_97' title='bbox 878 1257 1053 1314; x_wconf 85' lang='lat' dir='ltr'>apertis</span> <span class='ocrx_word' id='word_1_98' title='bbox 1089 1257 1430 1315; x_wconf 76' lang='lat' dir='ltr'>explicatisque</span> <span class='ocrx_word' id='word_1_99' title='bbox 1472 1259 1598 1304; x_wconf 81' lang='lat' dir='ltr'>Juris</span> <span class='ocrx_word' id='word_1_100' title='bbox 1645 1259 1873 1305; x_wconf 86' lang='lat' dir='ltr'>Canonici</span> 
     </span>
     <span class='ocr_line' id='line_1_13' title="bbox 137 1335 1879 1400; baseline 0.002 -18"><span class='ocrx_word' id='word_1_101' title='bbox 137 1337 371 1393; x_wconf 79' lang='lat' dir='ltr'>fontibus,</span> <span class='ocrx_word' id='word_1_102' title='bbox 423 1339 577 1383; x_wconf 84' lang='lat' dir='ltr'>solent</span> <span class='ocrx_word' id='word_1_103' title='bbox 625 1335 836 1394; x_wconf 86' lang='lat' dir='ltr'>ejusdem</span> <span class='ocrx_word' id='word_1_104' title='bbox 883 1338 1009 1382; x_wconf 82' lang='lat' dir='ltr'>Juris</span> <span class='ocrx_word' id='word_1_105' title='bbox 1059 1335 1361 1382; x_wconf 66' lang='lat' dir='ltr'>Aclminicula</span> <span class='ocrx_word' id='word_1_106' title='bbox 1411 1336 1728 1398; x_wconf 79' lang='lat' dir='ltr'>subjungere3</span> <span class='ocrx_word' id='word_1_107' title='bbox 1765 1354 1879 1400; x_wconf 83' lang='lat' dir='ltr'>quae</span> 
     </span>
     <span class='ocr_line' id='line_1_14' title="bbox 137 1417 1880 1480; baseline 0.003 -18"><span class='ocrx_word' id='word_1_108' title='bbox 137 1417 340 1480; x_wconf 56' lang='lat' dir='ltr'>quidem)</span> <span class='ocrx_word' id='word_1_109' title='bbox 379 1425 429 1464; x_wconf 91' lang='lat' dir='ltr'>ut</span> <span class='ocrx_word' id='word_1_110' title='bbox 466 1420 532 1463; x_wconf 87' lang='lat' dir='ltr'>ait</span> <span class='ocrx_word' id='word_1_111' title='bbox 567 1418 797 1475; x_wconf 82' lang='lat' dir='ltr'>Josephus</span> <span class='ocrx_word' id='word_1_112' title='bbox 842 1418 996 1463; x_wconf 84' lang='lat' dir='ltr'>Schell</span> <span class='ocrx_word' id='word_1_113' title='bbox 1034 1418 1082 1462; x_wconf 91' lang='lat' dir='ltr'>in</span> <span class='ocrx_word' id='word_1_114' title='bbox 1121 1419 1507 1464; x_wconf 83' lang='lat' dir='ltr'>Institutionibus</span> <span class='ocrx_word' id='word_1_115' title='bbox 1555 1420 1680 1465; x_wconf 87' lang='lat' dir='ltr'>Juris</span> <span class='ocrx_word' id='word_1_116' title='bbox 1715 1420 1880 1467; x_wconf 89' lang='lat' dir='ltr'>Eccle-</span> 
     </span>
     <span class='ocr_line' id='line_1_15' title="bbox 135 1495 1879 1561; baseline 0.002 -16"><span class='ocrx_word' id='word_1_117' title='bbox 135 1501 315 1545; x_wconf 90' lang='lat' dir='ltr'>siastici</span> <span class='ocrx_word' id='word_1_118' title='bbox 354 1501 400 1544; x_wconf 90' lang='lat' dir='ltr'>P.</span> <span class='ocrx_word' id='word_1_119' title='bbox 439 1500 590 1545; x_wconf 87' lang='lat' dir='ltr'>Mauri</span> <span class='ocrx_word' id='word_1_120' title='bbox 627 1499 682 1544; x_wconf 89' lang='lat' dir='ltr'>de</span> <span class='ocrx_word' id='word_1_121' title='bbox 719 1498 922 1544; x_wconf 86' lang='lat' dir='ltr'>Schenkl</span> <span class='ocrx_word' id='word_1_122' title='bbox 973 1505 1091 1545; x_wconf 88' lang='lat' dir='ltr'>sect.</span> <span class='ocrx_word' id='word_1_123' title='bbox 1137 1500 1155 1543; x_wconf 92' lang='lat' dir='ltr'>l</span> <span class='ocrx_word' id='word_1_124' title='bbox 1199 1512 1301 1556; x_wconf 86' lang='lat' dir='ltr'>cap.</span> <span class='ocrx_word' id='word_1_125' title='bbox 1340 1500 1368 1543; x_wconf 76' lang='lat'>4</span> <span class='ocrx_word' id='word_1_126' title='bbox 1411 1495 1448 1558; x_wconf 67' lang='lat'>§-</span> <span class='ocrx_word' id='word_1_127' title='bbox 1491 1499 1571 1555; x_wconf 89' lang='grc'>73,</span> <span class='ocrx_word' id='word_1_128' title='bbox 1609 1499 1756 1561; x_wconf 73' lang='grc' dir='ltr'>169α111</span> <span class='ocrx_word' id='word_1_129' title='bbox 1806 1515 1879 1548; x_wconf 87' lang='lat' dir='ltr'>ec-</span> 
     </span>
     <span class='ocr_line' id='line_1_16' title="bbox 134 1577 1880 1641; baseline 0.001 -15"><span class='ocrx_word' id='word_1_130' title='bbox 134 1579 505 1626; x_wconf 83' lang='lat' dir='ltr'>clesiasticarum</span> <span class='ocrx_word' id='word_1_131' title='bbox 547 1578 781 1625; x_wconf 80' lang='lat' dir='ltr'>rationem</span> <span class='ocrx_word' id='word_1_132' title='bbox 816 1577 1116 1641; x_wconf 83' lang='lat' dir='ltr'>sufficientem</span> <span class='ocrx_word' id='word_1_133' title='bbox 1144 1578 1269 1625; x_wconf 81' lang='lat' dir='ltr'>haud</span> <span class='ocrx_word' id='word_1_134' title='bbox 1304 1581 1564 1636; x_wconf 75' lang='lat' dir='ltr'>continent,</span> <span class='ocrx_word' id='word_1_135' title='bbox 1600 1596 1681 1628; x_wconf 79' lang='lat' dir='ltr'>nec</span> <span class='ocrx_word' id='word_1_136' title='bbox 1717 1596 1880 1629; x_wconf 83' lang='lat' dir='ltr'>eorum</span> 
     </span>
     <span class='ocr_line' id='line_1_17' title="bbox 127 1661 1876 1725; baseline 0.003 -19"><span class='ocrx_word' id='word_1_137' title='bbox 127 1662 321 1725; x_wconf 76' lang='lat' dir='ltr'>proprie</span> <span class='ocrx_word' id='word_1_138' title='bbox 355 1661 506 1725; x_wconf 81' lang='lat' dir='ltr'>fontes</span> <span class='ocrx_word' id='word_1_139' title='bbox 548 1669 681 1718; x_wconf 50' lang='lat' dir='ltr'>suna·</span> <span class='ocrx_word' id='word_1_140' title='bbox 717 1670 768 1708; x_wconf 74' lang='lat' dir='ltr'>at</span> <span class='ocrx_word' id='word_1_141' title='bbox 803 1661 855 1707; x_wconf 81' lang='lat' dir='ltr'>in</span> <span class='ocrx_word' id='word_1_142' title='bbox 890 1661 1201 1722; x_wconf 62' lang='lat' dir='ltr'>cognitionem</span> <span class='ocrx_word' id='word_1_143' title='bbox 1231 1662 1582 1723; x_wconf 75' lang='lat' dir='ltr'>principiorum</span> <span class='ocrx_word' id='word_1_144' title='bbox 1626 1663 1876 1721; x_wconf 73' lang='lat' dir='ltr'>inducunt,</span> 
     </span>
     <span class='ocr_line' id='line_1_18' title="bbox 134 1743 1881 1807; baseline 0.001 -17"><span class='ocrx_word' id='word_1_145' title='bbox 134 1760 267 1790; x_wconf 79' lang='lat' dir='ltr'>usum</span> <span class='ocrx_word' id='word_1_146' title='bbox 292 1760 449 1791; x_wconf 81' lang='lat' dir='ltr'>eorum</span> <span class='ocrx_word' id='word_1_147' title='bbox 487 1743 848 1806; x_wconf 49' lang='lat' dir='ltr'>expeditiorem)</span> <span class='ocrx_word' id='word_1_148' title='bbox 874 1749 916 1790; x_wconf 83' lang='lat' dir='ltr'>et</span> <span class='ocrx_word' id='word_1_149' title='bbox 939 1743 1161 1789; x_wconf 71' lang='lat' dir='ltr'>notitiam</span> <span class='ocrx_word' id='word_1_150' title='bbox 1197 1745 1331 1789; x_wconf 82' lang='lat' dir='ltr'>Juris</span> <span class='ocrx_word' id='word_1_151' title='bbox 1360 1744 1677 1791; x_wconf 80' lang='lat' dir='ltr'>Ecclesiastici</span> <span class='ocrx_word' id='word_1_152' title='bbox 1695 1746 1881 1807; x_wconf 78' lang='lat' dir='ltr'>plenio-</span> 
     </span>
     <span class='ocr_line' id='line_1_19' title="bbox 129 1824 1875 1874; baseline 0.001 -2"><span class='ocrx_word' id='word_1_153' title='bbox 129 1841 225 1872; x_wconf 79' lang='lat' dir='ltr'>rem</span> <span class='ocrx_word' id='word_1_154' title='bbox 260 1824 461 1872; x_wconf 79' lang='lat' dir='ltr'>reddunt</span> <span class='ocrx_word' id='word_1_155' title='bbox 497 1832 536 1872; x_wconf 82' lang='lat' dir='ltr'>et</span> <span class='ocrx_word' id='word_1_156' title='bbox 575 1824 859 1871; x_wconf 76' lang='lat' dir='ltr'>solidiorem.</span> <span class='ocrx_word' id='word_1_157' title='bbox 902 1826 1027 1871; x_wconf 89' lang='lat' dir='ltr'>Inter</span> <span class='ocrx_word' id='word_1_158' title='bbox 1064 1826 1178 1870; x_wconf 86' lang='lat' dir='ltr'>haec</span> <span class='ocrx_word' id='word_1_159' title='bbox 1217 1833 1430 1872; x_wconf 79' lang='lat' dir='ltr'>recenset</span> <span class='ocrx_word' id='word_1_160' title='bbox 1475 1828 1731 1873; x_wconf 73' lang='lat' dir='ltr'>Historiam</span> <span class='ocrx_word' id='word_1_161' title='bbox 1782 1830 1875 1874; x_wconf 87' lang='lat' dir='ltr'>Ec-</span> 
     </span>
     <span class='ocr_line' id='line_1_20' title="bbox 130 1906 1873 1968; baseline 0 -14"><span class='ocrx_word' id='word_1_162' title='bbox 130 1909 463 1963; x_wconf 79' lang='lat' dir='ltr'>ctesiasticam‚</span> <span class='ocrx_word' id='word_1_163' title='bbox 501 1908 757 1953; x_wconf 80' lang='lat' dir='ltr'>Historiam</span> <span class='ocrx_word' id='word_1_164' title='bbox 794 1907 935 1961; x_wconf 78' lang='lat' dir='ltr'>JuriS,</span> <span class='ocrx_word' id='word_1_165' title='bbox 972 1906 1194 1953; x_wconf 86' lang='lat' dir='ltr'>Criticam</span> <span class='ocrx_word' id='word_1_166' title='bbox 1233 1908 1442 1962; x_wconf 84' lang='lat' dir='ltr'>Sacram,</span> <span class='ocrx_word' id='word_1_167' title='bbox 1479 1908 1873 1968; x_wconf 80' lang='lat' dir='ltr'>Clironologiam‚</span> 
     </span>
     <span class='ocr_line' id='line_1_21' title="bbox 132 1988 1874 2048; baseline 0.001 -13"><span class='ocrx_word' id='word_1_168' title='bbox 132 1997 178 2034; x_wconf 87' lang='lat' dir='ltr'>et</span> <span class='ocrx_word' id='word_1_169' title='bbox 222 1990 586 2048; x_wconf 82' lang='lat' dir='ltr'>Geographiam,</span> <span class='ocrx_word' id='word_1_170' title='bbox 635 1988 843 2045; x_wconf 87' lang='lat' dir='ltr'>itemque</span> <span class='ocrx_word' id='word_1_171' title='bbox 891 1988 1197 2047; x_wconf 80' lang='lat' dir='ltr'>Tlieologiam</span> <span class='ocrx_word' id='word_1_172' title='bbox 1246 1990 1590 2046; x_wconf 83' lang='lat' dir='ltr'>Dogmaticam,</span> <span class='ocrx_word' id='word_1_173' title='bbox 1627 2003 1784 2047; x_wconf 84' lang='lat' dir='ltr'>quam,</span> <span class='ocrx_word' id='word_1_174' title='bbox 1824 1997 1874 2036; x_wconf 89' lang='lat' dir='ltr'>ut</span> 
     </span>
     <span class='ocr_line' id='line_1_22' title="bbox 129 2069 1874 2134; baseline 0.001 -17"><span class='ocrx_word' id='word_1_175' title='bbox 129 2073 306 2130; x_wconf 87' lang='lat' dir='ltr'>optime</span> <span class='ocrx_word' id='word_1_176' title='bbox 344 2073 427 2127; x_wconf 82' lang='lat' dir='ltr'>ait,</span> <span class='ocrx_word' id='word_1_177' title='bbox 463 2070 648 2131; x_wconf 72' lang='lat' dir='ltr'>insiqne</span> <span class='ocrx_word' id='word_1_178' title='bbox 684 2084 776 2116; x_wconf 79' lang='lat' dir='ltr'>esse</span> <span class='ocrx_word' id='word_1_179' title='bbox 804 2069 1218 2131; x_wconf 79' lang='lat' dir='ltr'>jurisprudentiae</span> <span class='ocrx_word' id='word_1_180' title='bbox 1255 2070 1591 2117; x_wconf 79' lang='lat' dir='ltr'>ecclesiasticae</span> <span class='ocrx_word' id='word_1_181' title='bbox 1623 2070 1874 2134; x_wconf 81' lang='lat' dir='ltr'>adjumen—</span> 
     </span>
     <span class='ocr_line' id='line_1_23' title="bbox 129 2149 1874 2214; baseline 0.001 -16"><span class='ocrx_word' id='word_1_182' title='bbox 129 2157 226 2198; x_wconf 82' lang='lat' dir='ltr'>tum</span> <span class='ocrx_word' id='word_1_183' title='bbox 263 2167 394 2198; x_wconf 79' lang='lat' dir='ltr'>nemo</span> <span class='ocrx_word' id='word_1_184' title='bbox 431 2151 748 2214; x_wconf 71' lang='lat' dir='ltr'>inficiabitur,</span> <span class='ocrx_word' id='word_1_185' title='bbox 775 2150 856 2212; x_wconf 81' lang='lat' dir='ltr'>qui</span> <span class='ocrx_word' id='word_1_186' title='bbox 888 2149 1206 2212; x_wconf 74' lang='lat' dir='ltr'>perpenderit,</span> <span class='ocrx_word' id='word_1_187' title='bbox 1232 2150 1388 2198; x_wconf 82' lang='lat' dir='ltr'>eadem</span> <span class='ocrx_word' id='word_1_188' title='bbox 1424 2151 1521 2213; x_wconf 79' lang='lat' dir='ltr'>fere</span> <span class='ocrx_word' id='word_1_189' title='bbox 1557 2167 1651 2199; x_wconf 81' lang='lat' dir='ltr'>esse</span> <span class='ocrx_word' id='word_1_190' title='bbox 1687 2154 1874 2200; x_wconf 79' lang='lat' dir='ltr'>utrius-</span> 
     </span>
     <span class='ocr_line' id='line_1_24' title="bbox 131 2231 1870 2294; baseline 0.001 -15"><span class='ocrx_word' id='word_1_191' title='bbox 131 2248 213 2294; x_wconf 83' lang='lat' dir='ltr'>que</span> <span class='ocrx_word' id='word_1_192' title='bbox 249 2231 529 2293; x_wconf 77' lang='lat' dir='ltr'>discipliuae</span> <span class='ocrx_word' id='word_1_193' title='bbox 573 2231 836 2293; x_wconf 75' lang='lat' dir='ltr'>principia,</span> <span class='ocrx_word' id='word_1_194' title='bbox 875 2232 988 2292; x_wconf 74' lang='lat' dir='ltr'>leqes</span> <span class='ocrx_word' id='word_1_195' title='bbox 1027 2232 1187 2294; x_wconf 79' lang='lat' dir='ltr'>plures</span> <span class='ocrx_word' id='word_1_196' title='bbox 1229 2232 1428 2294; x_wconf 78' lang='lat' dir='ltr'>pendere</span> <span class='ocrx_word' id='word_1_197' title='bbox 1463 2248 1526 2280; x_wconf 71' lang='lat' dir='ltr'>cx</span> <span class='ocrx_word' id='word_1_198' title='bbox 1561 2233 1870 2294; x_wconf 71' lang='lat' dir='ltr'>cloqmacibus,</span> 
     </span>
     <span class='ocr_line' id='line_1_25' title="bbox 130 2313 1868 2374; baseline -0.001 -13"><span class='ocrx_word' id='word_1_199' title='bbox 130 2329 206 2361; x_wconf 74' lang='lat' dir='ltr'>ex.</span> <span class='ocrx_word' id='word_1_200' title='bbox 243 2329 315 2374; x_wconf 71' lang='lat' dir='ltr'>qr.</span> <span class='ocrx_word' id='word_1_201' title='bbox 354 2313 406 2360; x_wconf 81' lang='lat' dir='ltr'>cle</span> <span class='ocrx_word' id='word_1_202' title='bbox 442 2314 678 2374; x_wconf 42' lang='lat' dir='ltr'>Lz’t‘uryi‘a,</span> <span class='ocrx_word' id='word_1_203' title='bbox 715 2315 763 2360; x_wconf 90' lang='lat' dir='ltr'>S.</span> <span class='ocrx_word' id='word_1_204' title='bbox 802 2313 998 2371; x_wconf 76' lang='lat' dir='ltr'>Ordine,</span> <span class='ocrx_word' id='word_1_205' title='bbox 1038 2315 1343 2373; x_wconf 74' lang='lat' dir='ltr'>Hierarclzia,</span> <span class='ocrx_word' id='word_1_206' title='bbox 1391 2316 1697 2361; x_wconf 47' lang='lat' dir='ltr'>iilotrimonio</span> <span class='ocrx_word' id='word_1_207' title='bbox 1747 2323 1829 2362; x_wconf 83' lang='lat' dir='ltr'>etc.</span> <span class='ocrx_word' id='word_1_208' title='bbox 1858 2351 1868 2370; x_wconf 92' lang='lat'>,</span> 
     </span>
     <span class='ocr_line' id='line_1_26' title="bbox 130 2394 1869 2458; baseline 0.001 -17"><span class='ocrx_word' id='word_1_209' title='bbox 130 2403 171 2441; x_wconf 86' lang='lat' dir='ltr'>et</span> <span class='ocrx_word' id='word_1_210' title='bbox 208 2396 459 2452; x_wconf 58' lang='lat' dir='ltr'>rationemj</span> <span class='ocrx_word' id='word_1_211' title='bbox 497 2411 551 2442; x_wconf 77' lang='lat' dir='ltr'>ne</span> <span class='ocrx_word' id='word_1_212' title='bbox 586 2395 786 2454; x_wconf 71' lang='lat' dir='ltr'>oberret,</span> <span class='ocrx_word' id='word_1_213' title='bbox 824 2394 884 2440; x_wconf 79' lang='lat' dir='ltr'>ad</span> <span class='ocrx_word' id='word_1_214' title='bbox 920 2395 1221 2442; x_wconf 68' lang='lat' dir='ltr'>revelationis</span> <span class='ocrx_word' id='word_1_215' title='bbox 1258 2411 1469 2441; x_wconf 75' lang='lat' dir='ltr'>normam</span> <span class='ocrx_word' id='word_1_216' title='bbox 1507 2405 1728 2458; x_wconf 75' lang='lat' dir='ltr'>perpetuo</span> <span class='ocrx_word' id='word_1_217' title='bbox 1778 2412 1869 2443; x_wconf 77' lang='lat' dir='ltr'>esse</span> 
     </span>
     <span class='ocr_line' id='line_1_27' title="bbox 128 2475 443 2537; baseline -0.006 -14"><span class='ocrx_word' id='word_1_218' title='bbox 128 2475 443 2537; x_wconf 68' lang='lat' dir='ltr'>diriyeudam.</span> 
     </span>
    </p>

    <p class='ocr_par' dir='ltr' id='par_1_4' title="bbox 127 2557 1866 3022">
     <span class='ocr_line' id='line_1_28' title="bbox 193 2557 1859 2618; baseline 0.001 -14"><span class='ocrx_word' id='word_1_219' title='bbox 193 2560 319 2605; x_wconf 91' lang='lat' dir='ltr'>Haec</span> <span class='ocrx_word' id='word_1_220' title='bbox 358 2561 516 2616; x_wconf 85' lang='lat' dir='ltr'>itaque</span> <span class='ocrx_word' id='word_1_221' title='bbox 554 2572 722 2617; x_wconf 81' lang='lat' dir='ltr'>magna</span> <span class='ocrx_word' id='word_1_222' title='bbox 749 2566 794 2605; x_wconf 85' lang='lat' dir='ltr'>et</span> <span class='ocrx_word' id='word_1_223' title='bbox 817 2561 960 2605; x_wconf 84' lang='lat' dir='ltr'>multa</span> <span class='ocrx_word' id='word_1_224' title='bbox 985 2557 1258 2616; x_wconf 78' lang='lat' dir='ltr'>adjumenta</span> <span class='ocrx_word' id='word_1_225' title='bbox 1297 2573 1566 2618; x_wconf 80' lang='lat' dir='ltr'>comparare</span> <span class='ocrx_word' id='word_1_226' title='bbox 1591 2560 1678 2605; x_wconf 83' lang='lat' dir='ltr'>sibi</span> <span class='ocrx_word' id='word_1_227' title='bbox 1704 2561 1859 2612; x_wconf 86' lang='lat' dir='ltr'>debet,</span> 
     </span>
     <span class='ocr_line' id='line_1_29' title="bbox 128 2639 1861 2700; baseline 0.003 -17"><span class='ocrx_word' id='word_1_228' title='bbox 128 2641 206 2696; x_wconf 87' lang='lat' dir='ltr'>qui</span> <span class='ocrx_word' id='word_1_229' title='bbox 247 2642 516 2686; x_wconf 84' lang='lat' dir='ltr'>universum</span> <span class='ocrx_word' id='word_1_230' title='bbox 553 2642 632 2686; x_wconf 87' lang='lat' dir='ltr'>Jus</span> <span class='ocrx_word' id='word_1_231' title='bbox 670 2643 959 2687; x_wconf 83' lang='lat' dir='ltr'>Canonicum</span> <span class='ocrx_word' id='word_1_232' title='bbox 1009 2643 1246 2699; x_wconf 81' lang='lat' dir='ltr'>publicum</span> <span class='ocrx_word' id='word_1_233' title='bbox 1284 2649 1329 2688; x_wconf 89' lang='lat' dir='ltr'>et</span> <span class='ocrx_word' id='word_1_234' title='bbox 1366 2643 1617 2700; x_wconf 79' lang='lat' dir='ltr'>privatum,</span> <span class='ocrx_word' id='word_1_235' title='bbox 1664 2639 1861 2699; x_wconf 83' lang='lat' dir='ltr'>ejusque</span> 
     </span>
     <span class='ocr_line' id='line_1_30' title="bbox 130 2721 1862 2781; baseline 0.002 -17"><span class='ocrx_word' id='word_1_236' title='bbox 130 2721 365 2779; x_wconf 85' lang='lat' dir='ltr'>principia</span> <span class='ocrx_word' id='word_1_237' title='bbox 413 2723 531 2768; x_wconf 87' lang='lat' dir='ltr'>bene</span> <span class='ocrx_word' id='word_1_238' title='bbox 579 2723 766 2780; x_wconf 85' lang='lat' dir='ltr'>provisa</span> <span class='ocrx_word' id='word_1_239' title='bbox 814 2724 1151 2781; x_wconf 75' lang='lat' dir='ltr'>explorataque</span> <span class='ocrx_word' id='word_1_240' title='bbox 1200 2725 1369 2769; x_wconf 81' lang='lat' dir='ltr'>habere</span> <span class='ocrx_word' id='word_1_241' title='bbox 1418 2723 1565 2779; x_wconf 87' lang='lat' dir='ltr'>cupit.</span> <span class='ocrx_word' id='word_1_242' title='bbox 1607 2723 1708 2768; x_wconf 79' lang='lat' dir='ltr'>Non</span> <span class='ocrx_word' id='word_1_243' title='bbox 1755 2737 1862 2769; x_wconf 90' lang='lat' dir='ltr'>vero</span> 
     </span>
     <span class='ocr_line' id='line_1_31' title="bbox 128 2788 1866 2862; baseline 0.003 -18"><span class='ocrx_word' id='word_1_244' title='bbox 128 2812 355 2858; x_wconf 84' lang='lat' dir='ltr'>negamus</span> <span class='ocrx_word' id='word_1_245' title='bbox 390 2809 484 2847; x_wconf 85' lang='lat' dir='ltr'>tam</span> <span class='ocrx_word' id='word_1_246' title='bbox 522 2803 771 2861; x_wconf 83' lang='lat' dir='ltr'>magnifico</span> <span class='ocrx_word' id='word_1_247' title='bbox 809 2788 1115 2850; x_wconf 74' lang='lat' dir='ltr'>scientiarum</span> <span class='ocrx_word' id='word_1_248' title='bbox 1139 2810 1364 2860; x_wconf 84' lang='lat' dir='ltr'>apparatu</span> <span class='ocrx_word' id='word_1_249' title='bbox 1405 2815 1508 2848; x_wconf 91' lang='lat' dir='ltr'>cum</span> <span class='ocrx_word' id='word_1_250' title='bbox 1545 2816 1638 2848; x_wconf 89' lang='lat' dir='ltr'>non</span> <span class='ocrx_word' id='word_1_251' title='bbox 1677 2804 1866 2862; x_wconf 84' lang='lat' dir='ltr'>indige-</span> 
     </span>
     <span class='ocr_line' id='line_1_32' title="bbox 127 2882 1863 2938; baseline 0.002 -13"><span class='ocrx_word' id='word_1_252' title='bbox 127 2895 196 2935; x_wconf 80' lang='lat' dir='ltr'>re,</span> <span class='ocrx_word' id='word_1_253' title='bbox 233 2882 313 2938; x_wconf 83' lang='lat' dir='ltr'>qui</span> <span class='ocrx_word' id='word_1_254' title='bbox 354 2884 508 2929; x_wconf 86' lang='lat' dir='ltr'>studio</span> <span class='ocrx_word' id='word_1_255' title='bbox 545 2885 670 2929; x_wconf 69' lang='lat' dir='ltr'>suris</span> <span class='ocrx_word' id='word_1_256' title='bbox 705 2885 935 2931; x_wconf 89' lang='lat' dir='ltr'>Canonici</span> <span class='ocrx_word' id='word_1_257' title='bbox 987 2885 1091 2930; x_wconf 87' lang='lat' dir='ltr'>ideo</span> <span class='ocrx_word' id='word_1_258' title='bbox 1130 2891 1280 2937; x_wconf 81' lang='lat' dir='ltr'>vacat,</span> <span class='ocrx_word' id='word_1_259' title='bbox 1320 2891 1368 2929; x_wconf 88' lang='lat' dir='ltr'>ut</span> <span class='ocrx_word' id='word_1_260' title='bbox 1418 2885 1738 2930; x_wconf 78' lang='lat' dir='ltr'>tantummodo</span> <span class='ocrx_word' id='word_1_261' title='bbox 1788 2886 1863 2930; x_wconf 74' lang='lat' dir='ltr'>(li-</span> 
     </span>
     <span class='ocr_line' id='line_1_33' title="bbox 129 2960 1306 3022; baseline 0.003 -16"><span class='ocrx_word' id='word_1_262' title='bbox 129 2968 227 3007; x_wconf 86' lang='lat' dir='ltr'>scat</span> <span class='ocrx_word' id='word_1_263' title='bbox 265 2960 473 3008; x_wconf 80' lang='lat' dir='ltr'>forenses</span> <span class='ocrx_word' id='word_1_264' title='bbox 507 2976 672 3010; x_wconf 85' lang='lat' dir='ltr'>causas</span> <span class='ocrx_word' id='word_1_265' title='bbox 708 2965 825 3022; x_wconf 83' lang='lat' dir='ltr'>apud</span> <span class='ocrx_word' id='word_1_266' title='bbox 864 2961 1048 3021; x_wconf 84' lang='lat' dir='ltr'>judices</span> <span class='ocrx_word' id='word_1_267' title='bbox 1086 2971 1306 3010; x_wconf 81' lang='lat' dir='ltr'>tractare.</span> 
     </span>
    </p>
   </div>
  </div>
 </body>
</html>
