2114 3289
368 140 436 192 16
679 158 772 193 uc.
800 157 834 192 1.
864 156 978 192 cAr.
1007 155 1040 191 1.
1073 156 1133 191 ou
1161 156 1316 193 srA'rU
1347 157 1616 193 EcczsssiAE

281 257 412 316 Cum
472 261 641 334 itaque
705 259 818 314 finis
874 256 1131 314 Ecclesiae
1184 261 1250 316 sit
1292 259 1453 316 cultus
1496 258 1592 316 Dei
1633 272 1682 316 et
1722 259 1859 316 salus
1902 264 2011 318 ani-

281 372 518 424 marum,
562 354 769 408 minime
813 351 1151 408 dubitandum
1194 364 1305 423 est,
1346 354 1469 426 quin
1522 351 1757 410 Christus
1811 373 2010 410 omnem

279 451 353 506 eis
396 460 693 524 potestatem
736 446 968 518 dederit,
1012 467 1141 521 quae
1184 447 1249 504 ad
1293 448 1444 503 finem
1487 448 1815 506 obtinendum
1857 452 2010 526 perti-

278 555 435 600 neret.
497 541 598 598 Eos
659 540 873 616 proinde
933 540 1126 616 duplici
1184 554 1428 617 potestate
1487 543 1629 598 auxit
1679 544 1920 615 ordiniS,
1963 556 2012 600 et

270 635 681 710 jurisdictionis,
737 634 916 692 Prima
967 635 1033 692 ad
1076 638 1416 693 ministerium
1459 656 1698 707 sacrum,
1742 639 1900 695 altera
1942 639 2010 696 ad

277 731 503 801 regimen
530 729 787 786 Ecclesiae
814 731 1048 805 pertinet.
1093 729 1239 787 Hanc
1282 731 1536 806 duplicem
1564 743 1861 805 potestatem
1886 751 2012 789 non-

276 824 403 879 nulli
448 822 777 895 Canonistae,
823 836 972 897 atque
1015 826 1170 881 etiam
1213 823 1466 897 Theologi
1509 827 1796 899 partiuntur
1837 847 1895 882 ac
1939 826 2018 882 di-

278 918 456 974 vidunt
506 921 559 975 in
612 932 912 995 potestatem
955 920 1278 988 ministerii,
1322 921 1650 993 maqz'sterii,
1692 933 1740 977 et
1779 922 2013 995 imperii.

277 1011 510 1069 Potestas
555 1015 827 1070 ministerii
869 1013 1219 1086 Sacramenta,
1248 1034 1427 1089 resque
1471 1035 1642 1071 sacras
1670 1015 2011 1073 administrat.

277 1104 511 1163 Potestas
573 1109 855 1180 magisterii
916 1128 994 1165 res
1053 1109 1172 1165 fidei
1215 1121 1263 1165 et
1304 1129 1504 1165 morum
1546 1109 1692 1166 docet
1734 1122 1882 1184 atque
1925 1110 2012 1166 de-

278 1201 407 1259 finit.
472 1200 704 1259 Potestas
749 1203 965 1278 denique
1008 1204 1212 1279 imperii
1254 1203 1320 1260 ad
1374 1203 1631 1260 Ecclesiae
1690 1204 2014 1276 gubernatio-

282 1315 396 1352 nem
441 1308 651 1371 spectat,
678 1298 1099 1371 conjunctamque
1142 1299 1492 1355 auctoritatem
1535 1298 1688 1354 habet
1726 1297 2016 1355 condenda-

280 1409 393 1446 rum
438 1390 626 1463 legum,
662 1390 948 1462 judicandi,
989 1393 1265 1466 poenisque
1309 1392 1591 1449 coercendi.
1636 1390 1704 1448 At
1745 1411 1836 1449 nos
1882 1404 2014 1448 vete-

278 1503 384 1540 rem
438 1497 486 1541 et
537 1486 774 1541 usitatam
819 1484 1123 1542 divisionem
1167 1487 1462 1559 sequimur,
1504 1497 1552 1541 et
1593 1498 1892 1561 potestatem
1921 1485 2018 1543 Ec-

278 1578 617 1636 clesiasticam
676 1581 927 1654 partimur
974 1580 1029 1634 in
1080 1592 1376 1654 potestatem
1420 1580 1658 1652 ordiniS,
1701 1592 1749 1636 et
1783 1580 2015 1654 jurisdi-

280 1674 499 1744 orionis,-
543 1673 957 1747 quandoquidem
1000 1674 1124 1729 haec
1169 1673 1355 1730 divisio
1400 1673 1464 1730 ad
1495 1687 1727 1731 naturam
1753 1677 2015 1750 potestatis

282 1765 652 1824 Ecclesiasticae
679 1768 1037 1842 explicandam
1065 1769 1232 1842 aptior
1273 1787 1380 1825 esse
1407 1769 1622 1827 videtur.
1660 1767 1734 1825 De
1774 1781 2017 1844 potestate

283 1881 403 1919 vero
449 1864 733 1934 magisterii
777 1875 1088 1936 opportunus
1127 1863 1223 1918 erit
1265 1862 1469 1920 dicendi
1502 1861 1663 1935 locus,
1706 1863 1793 1920 ubi
1834 1864 1897 1920 de
1937 1866 2016 1937 ju-

281 1957 425 2013 ribus
508 1970 556 2012 et
597 1958 775 2013 officiis
819 1956 1147 2014 Summorum
1199 1956 1507 2015 Pontificum
1556 1960 1768 2015 seorsim
1812 1971 2014 2031 agentes

283 2050 605 2106 ostendemus
648 2051 785 2124 quod
828 2064 875 2107 et
917 2052 1065 2125 quale
1107 2053 1322 2109 docendi
1350 2071 1529 2109 munus
1556 2051 1756 2109 Summi
1798 2051 2012 2110 Pontifi-

281 2163 362 2201 ces
424 2146 477 2200 in
538 2147 771 2200 universa
831 2145 1081 2216 Ecclesia,
1124 2159 1171 2202 et
1233 2146 1472 2221 Episcopi
1532 2148 1584 2202 in
1645 2167 1735 2203 sua
1797 2148 2011 2221 quisque

286 2237 516 2295 Dioecesi
561 2240 858 2313 acceperint.

1065 2331 1111 2406 ยง.
1180 2341 1230 2391 3.

782 2470 854 2514 DE
893 2469 1228 2517 POTESTATE
1267 2471 1507 2518 ORDINIS

358 2615 591 2674 Potestas
653 2617 847 2674 ordinis
890 2629 1000 2686 est,
1044 2636 1142 2691 qua
1186 2617 1509 2674 Sacrificium
1553 2619 1778 2687 offertur,
1824 2616 2009 2674 Sacra-

279 2722 444 2766 menta
488 2711 944 2780 administrantur,
989 2731 1161 2766 sacrae
1205 2712 1484 2767 functiones
1539 2723 1863 2784 peraguntur.
1927 2711 2001 2767 De

279 2804 452 2860 divina
504 2807 762 2878 potestatis
807 2807 956 2875 hujus
1000 2807 1311 2861 institutione
1355 2806 1545 2860 nullum
1592 2805 1883 2876 ambigendi
1927 2806 2001 2861 lo-

279 2917 390 2953 cum
432 2899 732 2956 Tridentina
779 2898 1014 2968 Synodus
1061 2899 1262 2973 reliquit
1307 2920 1429 2957 sess.
1480 2903 1549 2954 23
1581 2900 1641 2954 de
1669 2898 1995 2955 Sacramento
