2114 3289
651 93 695 167 ᾗ.
742 117 862 154 Lxu.
909 117 969 153 DE
1012 116 1339 153 MATRuuomo
1663 100 1772 153 ⁶233

130 221 274 278 Hanc
334 233 498 278 autem
555 231 851 293 potestatem
912 238 1010 275 non
1069 236 1132 274 ex
1191 217 1489 292 Principum
1531 215 1850 287 indulgentia

131 318 281 372 tacita
326 316 401 370 vel
443 333 680 388 expressa
723 315 775 368 in
820 313 1100 368 Ecclesiam
1144 331 1397 381 manasse,
1426 310 1514 367 sed
1557 311 1603 365 ei
1646 313 1853 367 omnino

128 411 424 484 propriam,
468 420 514 462 et
556 428 584 462 a
630 405 834 463 Christo
878 407 1113 462 collatam
1157 426 1301 475 esse,
1343 417 1449 460 tum
1501 405 1670 460 multis
1734 405 1850 460 aliis

129 505 446 575 gravissimis
491 503 792 571 rationibus,
836 513 940 555 tum
983 502 1250 575 praecipue
1293 520 1355 556 ex
1397 519 1508 556 can.
1558 504 1589 555 3
1636 497 1854 554 Triden-

133 598 266 652 tinae
327 594 523 667 Synodi
584 615 705 651 sess.
773 599 845 649 24
895 595 956 650 de
1016 596 1236 650 matrim.
1300 595 1689 649 demonstratur.
1752 591 1854 648 Sed

131 702 352 765 praestat
412 690 587 745 audire
647 689 798 744 Pium
856 688 930 744 VI
984 690 1035 743 in
1079 690 1182 743 suis
1225 688 1404 743 litteris
1449 688 1512 742 ad
1557 685 1713 743 Card.
1758 685 1856 742 Ar·-

131 785 507 859 chiepiscopum
567 782 927 840 Meclinensem
985 783 1067 838 die
1115 786 1147 836 2
1191 782 1434 837 februarii
1482 783 1635 835 1782
1680 781 1851 851 datis,

129 882 181 936 in
241 880 425 953 quihus
485 881 554 935 ita
604 879 843 935 disserit:
896 882 1087 934 Notum
1133 879 1288 933 etiam
1331 889 1437 945 est,
1482 878 1619 948 quod
1660 895 1773 933 can.
1820 881 1851 933 3

130 974 361 1048 ejusdem
404 974 636 1029 sessionis
683 976 756 1027 24
798 973 1066 1047 definitum
1109 983 1199 1039 est,
1235 990 1378 1045 posse
1422 972 1703 1026 Ecclesiam
1737 989 1855 1024 con-

128 1069 365 1136 stituere,
409 1081 466 1123 ut
499 1069 676 1141 plures
719 1069 910 1140 qraclus
953 1069 1240 1141 impediant
1282 1087 1341 1121 ac
1391 1067 1663 1122 dirimant.
1726 1068 1853 1120 Cum

129 1182 246 1235 erqo
271 1163 414 1217 nullo
456 1181 683 1235 ‘unquam
727 1174 949 1235 tempore
993 1163 1178 1234 cloqina
1215 1162 1341 1236 fidei
1382 1161 1571 1233 falsum
1602 1178 1699 1214 esse
1735 1176 1853 1232 pos-

127 1258 212 1325 sit,
257 1276 447 1312 necesse
491 1270 580 1324 est,
606 1268 663 1311 ut
704 1259 766 1312 ab
809 1257 1063 1312 Ecclesiae
1108 1257 1307 1328 oriqine
1352 1268 1396 1310 et
1438 1255 1579 1309 omni
1620 1264 1852 1308 anteacto

126 1363 348 1425 tempore
390 1371 565 1408 verum
607 1353 788 1425 fuerit,
833 1363 879 1406 et
921 1351 1062 1406 omni
1104 1350 1425 1421 consequenti
1468 1360 1631 1404 aetate
1673 1367 1852 1403 verunt

122 1448 359 1520 futttrum
417 1448 516 1513 sit,
576 1447 856 1501 Ecclesiam
907 1465 1002 1515 ea,
1045 1463 1174 1516 quae
1217 1462 1249 1498 a
1293 1444 1521 1499 Concilio
1564 1444 1851 1510 asseritur,

115 1551 361 1613 potestate
395 1541 612 1613 pollere.
659 1544 725 1595 At
767 1541 810 1594 si
852 1540 1009 1594 tacita
1050 1540 1226 1594 saltem
1270 1539 1580 1612 Principum
1620 1539 1852 1610 require-

125 1646 270 1689 retur
311 1635 380 1689 acl
421 1635 709 1689 habendam
743 1645 1044 1707 potestatem
1085 1634 1357 1700 concessi0,
1390 1645 1684 1704 sequeretur
1715 1633 1852 1687 illucl

117 1730 308 1802 primis
373 1730 628 1784 Ecclesiae
689 1730 997 1801 temporibus
1054 1729 1144 1783 sub
1206 1729 1538 1800 Principibus
1598 1728 1851 1782 nimirum

125 1823 336 1879 ethnicis
376 1842 554 1878 verum
595 1842 694 1878 6336
739 1842 842 1877 non
876 1824 1130 1896 potuisse,
1175 1841 1332 1894 neque
1375 1823 1466 1877 ltoc
1508 1834 1730 1895 tempore
1772 1842 1853 1877 ve-

124 1937 242 1973 rum
304 1936 401 1973 esse
453 1937 597 1991 posse
658 1918 765 1972 illis
822 1919 879 1972 in
928 1919 1087 1988 lociS,
1130 1918 1187 1971 in
1229 1919 1409 1989 quibus
1452 1918 1640 1973 Christi
1676 1917 1852 1990 ficleles

125 2014 316 2085 cleyunt
357 2013 445 2068 sub
487 2013 777 2088 infidelium
821 2013 1195 2080 dominatione,
1241 2025 1287 2067 et
1328 2013 1370 2067 si
1413 2013 1474 2067 ob
1516 2012 1769 2083 aliquam,
1795 2022 1854 2066 ut

123 2120 338 2177 vocant,
398 2110 653 2184 rationem
713 2114 886 2166 Status
947 2110 1218 2182 Principes
1278 2121 1512 2164 revocata
1572 2128 1670 2175 ea,
1721 2126 1850 2180 quae

124 2204 456 2271 obtenditur,
499 2204 827 2276 inclulqentia
871 2216 915 2260 et
959 2205 1311 2272 concessione,
1355 2205 1603 2276 abrogare
1656 2203 1853 2258 sancita

122 2299 183 2353 ab
226 2299 454 2354 Ecclesia
493 2300 864 2372 impedimenta
904 2299 1164 2366 valerent,
1202 2299 1321 2373 fieri
1357 2310 1521 2371 posset
1569 2310 1625 2352 ut
1672 2317 1849 2352 ‘cerum

125 2411 225 2448 6336
285 2394 576 2462 desineret,
630 2395 767 2467 quocl
808 2414 841 2449 a
884 2395 1193 2449 Tridentino
1236 2394 1503 2468 definitum
1547 2404 1654 2460 est,
1697 2393 1852 2464 idque

114 2489 344 2561 portenti
371 2489 634 2557 eoeisteret,
662 2501 718 2543 ut
753 2489 1037 2561 aliquando
1080 2489 1355 2544 dicendum
1398 2489 1529 2562 foret
1571 2487 1854 2542 Ecclesiam

121 2601 224 2637 non
262 2601 429 2656 posse,
474 2585 611 2655 quod
654 2584 936 2639 Ecclesiam
971 2602 1115 2657 posse
1159 2584 1387 2657 Spiritus
1429 2587 1648 2639 Sanctus
1691 2586 1851 2638 Oecu-

122 2677 352 2732 menicae
395 2678 594 2750 Synodi
638 2679 846 2732 oraculo
889 2679 1191 2735 declaravit.
1252 2677 1353 2733 Sed
1398 2697 1502 2732 rem
1544 2677 1691 2751 plane
1734 2696 1852 2732 con-

122 2770 244 2826 fecit
303 2773 437 2828 idem
498 2772 736 2829 Pontifex
795 2775 846 2828 in
889 2773 1039 2829 Bulla
1082 2774 1369 2845 dogmatica
1414 2775 1688 2826 Auctorem
1724 2770 1851 2845 fidei

130 2865 371 2923 adversus
419 2865 681 2938 Synodum
725 2866 1108 2939 Pistoriensem,
1144 2867 1231 2924 ubi
1273 2867 1368 2925 sub
1409 2885 1617 2923 numero
1663 2869 1734 2921 59
1778 2867 1849 2922 ita
