2114 3289
351 129 460 182 166
532 147 623 182 Lm.
653 144 704 181 11.
737 144 782 179 0.
811 143 862 178 11.
893 141 954 177 DE
982 141 1140 177 Ense.
1170 143 1398 185 1101111110.
1426 143 1534 178 son.
1564 141 1624 175 ET
1651 142 1862 179 orrtcns

267 260 494 307 servetur
528 265 626 322 per
684 249 994 318 Aeqyptum,
1054 243 1293 316 Lybiam,
1337 255 1383 299 et
1425 244 1775 318 Pentapolim,
1809 245 1896 299 ‘ita
1934 253 1991 300 ut

270 343 667 402 Aleaeandrinus
691 340 972 413 Episcopus
998 338 1183 393 horum
1210 338 1440 393 omnium
1471 340 1651 395 habeat
1669 349 1991 413 potestatem,

266 440 393 514 quia
434 448 481 494 et
527 436 675 493 Urbis
717 437 913 490 Romae
955 434 1206 507 Episcopo
1223 432 1415 506 parilis
1455 453 1561 488 mos
1603 445 1690 492 est.
1734 433 1992 490 Similiter

268 545 439 591 autem
497 541 545 587 et
602 529 745 604 apud
803 529 1132 585 Antiochiam
1191 538 1476 599 ceterasque
1538 529 1834 602 provincias
1890 528 1995 583 suis

260 626 545 702 privilegia
586 631 851 680 serventur
893 623 1195 680 Ecclesiis».
1240 627 1319 678 De
1362 621 1439 677 liis
1466 632 1511 676 et
1545 640 1705 677 canon
1747 622 1997 678 secundus

269 719 825 793 Constantinopolitani
870 718 1091 774 Concilii
1113 740 1129 772 .·
1173 738 1200 775 (<
1233 717 1528 774 Secundum
1568 717 1771 788 requlas
1812 716 1997 772 consti-

268 827 403 872 tutas
463 815 822 871 Aleocanclriac
881 814 1090 885 quidem
1150 813 1428 885 Episcopus
1485 830 1546 866 ea
1596 829 1724 882 qaae
1781 822 1897 865 sunt
1937 810 1996 865 in

271 914 530 985 AeqyptO,
600 921 800 965 tantum
868 909 1113 982 qabernet
1143 929 1159 962 .·
1229 907 1458 964 Orientis
1522 917 1692 960 autem
1757 905 1994 978 Episcopi

271 1006 427 1060 solius
469 1004 697 1061 Orientis
740 1021 919 1058 caram
944 1012 1148 1076 yerant,
1193 1000 1403 1057 seri-atis
1427 1000 1703 1054 honoribus
1737 999 1996 1071 primatus

271 1099 528 1155 Ecclesiae
580 1098 947 1166 Antiochenae,
1008 1097 1098 1170 qui
1138 1098 1196 1152 in
1238 1095 1430 1167 reqalis
1488 1094 1748 1149 Nicaenac
1800 1091 1996 1165 Synodi

272 1194 662 1251 conti·nentw·>).
724 1192 952 1247 Romani
1012 1191 1355 1246 Patriarcliae
1414 1208 1518 1243 non
1577 1188 1833 1255 meminit,
1875 1187 1999 1258 qnia

272 1289 407 1343 nulli
442 1288 730 1362 praescribi
765 1283 1006 1360 poterant
1048 1286 1150 1360 ipsi
1192 1286 1421 1356 limitem,-
1466 1303 1580 1338 cum
1622 1283 1737 1357 ejas
1772 1281 1999 1356 jurisdi-

272 1383 372 1438 ctio
415 1394 461 1439 et
501 1383 780 1438 auctoritas
804 1382 862 1436 in
897 1392 1058 1436 totum
1099 1382 1270 1436 orbem
1295 1380 1632 1434 christianum
1672 1378 1997 1451 funderetur.

355 1476 608 1534 Hactenus
652 1474 854 1532 Natalis
899 1473 1210 1542 Alexander,
1254 1476 1333 1530 cui
1375 1473 1617 1530 Doctores
1649 1491 1820 1529 omnes
1848 1471 1998 1528 facile

279 1572 584 1641 concedunt,
627 1571 878 1626 Ecclesias
923 1570 1287 1643 patriarchales
1331 1567 1649 1636 Romanam,
1694 1565 1998 1622 Alexandri-

279 1686 433 1733 nam,
476 1678 523 1719 et
566 1665 933 1719 Antiochenam
978 1684 1005 1717 a
1050 1662 1104 1718 S.
1152 1662 1303 1718 Petro
1348 1661 1581 1717 fundatas
1625 1661 1819 1730 fuisse,
1877 1660 2000 1714 dant

277 1780 474 1834 quoquc
534 1760 774 1826 libenter,
824 1756 1081 1830 Principis
1125 1754 1483 1830 Apostolorum
1528 1756 1889 1809 institutionem
1932 1753 1997 1807 ad

277 1853 649 1910 conciliandam
711 1850 900 1906 eisdem
955 1849 1194 1905 Ecclesiis
1247 1849 1520 1922 quamdam
1563 1849 1909 1903 auctoritatem
1952 1859 2000 1902 et

279 1948 598 2022 splendorem
649 1947 924 2020 plurimum
976 1944 1211 1999 valuisse.
1272 1943 1372 1999 Sed
1417 1942 1757 2011 contendunt,
1797 1943 1911 2012 jura
1952 1954 1999 1997 et

277 2041 546 2116 privilegia
573 2039 956 2114 patriarchalia,
984 2037 1165 2112 quibus
1209 2035 1555 2092 Alexandrina
1597 2048 1643 2091 et
1685 2035 1998 2091 Antiochena

285 2134 542 2191 Ecclesiae
568 2145 741 2188 auctae
768 2132 985 2203 fuerunt,
1013 2151 1075 2188 ex
1102 2133 1209 2188 sola
1238 2130 1377 2186 Petri
1419 2131 1713 2187 fundatione
1755 2132 2001 2202 originem

281 2248 380 2284 non
407 2227 667 2294 habuisse,
692 2245 850 2298 neque
885 2229 1037 2282 etiam
1081 2226 1267 2282 habere
1310 2227 1546 2300 potuisse.
1589 2222 1824 2298 Namque
1866 2222 2003 2298 Apo-

279 2322 456 2378 stolica
498 2319 728 2375 fundatio
771 2318 1050 2376 Ecclesiam
1094 2320 1435 2393 Apostolicam
1476 2319 1617 2388 facit,
1645 2339 1742 2374 11011
1770 2319 2001 2391 patriar-

283 2415 516 2485 chalem,
573 2414 692 2468 hinc
744 2410 910 2486 plures
963 2414 1089 2470 alias
1133 2414 1385 2470 Ecclesias
1429 2413 1608 2469 Petrus
1652 2412 1882 2468 fundavit
1924 2431 2001 2466 re-

281 2511 492 2583 xitque,
535 2527 623 2563 nec
667 2519 832 2562 tamen
874 2509 1239 2581 patriarchales
1284 2509 1487 2564 habitae
1530 2520 1677 2577 sunt,
1721 2508 1792 2561 sic
1845 2508 1998 2561 etiam

280 2602 535 2659 Ecclesiae
596 2602 660 2657 ab
701 2599 958 2675 Apostolis
1003 2600 1239 2658 fundatae
1283 2604 1445 2658 dictae
1488 2615 1601 2657 sunt
1643 2599 1998 2673 Apostolicae,

281 2717 380 2753 non
439 2697 556 2751 item
594 2695 988 2768 patriarchales
1051 2694 1321 2752 Enimvero
1365 2697 1429 2751 ad
1472 2695 1861 2770 patriarchalem
1904 2694 1999 2749 Ec-

283 2792 488 2846 clesiam
531 2790 930 2846 constituendam
973 2808 1171 2845 necesse
1212 2802 1304 2860 est,
1331 2802 1384 2844 ut
1425 2791 1598 2845 eadem
1642 2788 1866 2844 Ecclesia
1896 2800 1999 2843 tum

289 2904 437 2958 super
478 2882 769 2954 Ecclesias,
813 2897 915 2940 tum
960 2904 1108 2959 super
1151 2882 1500 2958 Metropolitas
1543 2902 1641 2940 non
1686 2884 1868 2953 11111115,
1912 2882 1998 2938 sed
