2114 3289
376 122 419 197 S.
452 144 622 180 vam.
654 144 713 178 nn
740 143 862 178 JURE
891 141 1196 185 ACQUIRENDI
1224 142 1283 177 ET
1313 139 1607 177 Possmssum
1664 126 1770 176 ‘257

217 247 405 302 Verum
447 266 544 301 non
589 246 792 300 difficile
836 265 959 318 opus
1005 245 1202 299 videtur
1243 244 1536 314 hujusmodi
1575 244 1853 297 rationibus

139 342 457 414 respondere.
505 339 776 393 Enimvero
821 338 956 410 quod
1001 338 1064 392 ad
1108 339 1327 411 primum
1371 348 1717 407 argumentum
1746 356 1857 410 per-

138 437 278 502 tinet,
305 435 385 488 lex
416 435 816 487 amortizationis
860 433 1090 503 (piamvis
1137 431 1287 485 verbo
1332 443 1471 484 tenus
1516 432 1565 484 in
1609 431 1854 485 laicorum

137 529 267 582 bona
310 527 533 595 feratur,
579 546 629 580 re
672 538 835 579 tamen
900 544 1014 578 vera
1076 526 1125 578 in
1188 524 1540 578 detrimentum
1601 523 1857 578 Ecclesiae

137 623 359 675 vertitur.
405 618 651 674 Vetantur
675 621 807 673 enim
839 620 956 673 laici
1000 619 1131 673 hona
1176 637 1264 672 sua
1301 619 1351 672 in
1383 615 1659 673 Ecclesiam
1699 629 1859 672 trans-

135 714 264 768 ferre
317 734 415 769 non
470 726 673 788 propter
714 714 871 768 laicos
916 715 1091 787 ipsos,
1137 712 1223 768 sed
1281 724 1483 786 propter
1543 710 1860 780 Ecclesiam,

136 828 195 862 ne
258 809 447 863 scilicet
501 807 728 862 Ecclesia
773 808 919 862 rebus
962 819 1009 861 et
1050 807 1265 862 fortunis
1310 817 1568 875 augeatur.
1633 804 1744 859 Huc
1788 805 1863 860 fa-

136 904 272 956 ciunt
300 903 449 957 verba
476 903 600 972 legis
632 906 700 955 77
742 896 1131 972 §.Donationis
1176 900 1227 956 ff.
1273 901 1333 954 de
1378 898 1580 969 Legatis
1630 903 1688 955 2:
1737 902 1854 952 Non

135 997 317 1066 quaeri
377 1007 570 1068 oportet
631 1015 745 1049 cum
803 1014 901 1066 quo
960 996 1072 1066 quis
1124 995 1404 1065 loquatur,
1458 995 1544 1047 sed
1603 995 1660 1047 in
1714 1013 1861 1065 quem

136 1090 411 1144 voluntatis
453 1091 672 1144 intenlio
715 1091 997 1160 dirigatur.
1043 1088 1170 1145 Cum
1214 1091 1382 1161 itaque
1425 1089 1506 1143 lex
1550 1089 1715 1144 verbis
1751 1091 1863 1162 qui-

141 1184 255 1239 dem
318 1186 391 1239 in'
430 1186 586 1241 laicos
649 1197 884 1258 concepta
936 1186 1035 1252 sit,
1087 1186 1193 1254 ejus
1238 1195 1401 1238 tamen
1445 1184 1652 1237 intentio
1696 1195 1742 1237 et
1788 1185 1861 1237 vis

137 1281 301 1334 omnis
362 1281 413 1335 in
473 1279 752 1334 Ecclesiam
813 1279 1037 1347 feratur,
1098 1278 1420 1332 manifestum
1481 1288 1554 1331 est
1605 1274 1860 1331 Ecclesiae

140 1373 359 1428 libertati
402 1376 608 1445 ejusque
648 1374 845 1443 juribus
890 1372 1169 1427 adversari.

217 1467 298 1520 Ad
365 1469 575 1522 alterum
643 1478 991 1537 argumentum
1053 1465 1449 1539 respondemus,
1511 1467 1638 1519 inter
1701 1465 1859 1535 legem

137 1563 536 1617 amortizationis
580 1574 626 1616 et
668 1562 827 1630 legem
873 1559 934 1614 de
978 1578 1074 1614 non
1119 1559 1399 1614 alienandis
1430 1559 1687 1615 Ecclesiae
1715 1560 1859 1614 bonis

138 1656 415 1709 maximum
441 1656 713 1710 discrimen
757 1674 881 1709 esse.
929 1652 1034 1708 Lex
1077 1653 1209 1707 enim
1254 1655 1654 1709 amortizationis
1693 1655 1861 1727 priva-

139 1760 213 1803 tos
260 1761 390 1803 vetat
431 1751 482 1802 in
525 1748 779 1803 Ecclesias
807 1759 853 1802 et
895 1746 1031 1803 Loca
1066 1744 1163 1801 Pia
1201 1747 1354 1801 ullam
1384 1747 1630 1802 bonorum
1659 1767 1862 1803 suorum

136 1854 328 1915 partem
375 1841 662 1897 transferre:
692 1841 902 1913 proinde
947 1842 1130 1914 privati
1167 1853 1376 1913 possunt
1405 1860 1481 1896 res
1518 1861 1710 1910 omnes,
1738 1860 1861 1913 qua-

138 1956 249 1991 rum
293 1936 575 1991 dominium
610 1935 824 2003 habent,
853 1936 1092 2004 alienare,
1120 1935 1329 2003 donare,
1374 1946 1668 1990 testamento
1714 1937 1864 1990 relin-

139 2050 323 2103 quere,
375 2042 521 2103 atque
563 2031 733 2097 etiam,
778 2041 930 2102 prout
974 2031 1036 2084 iis
1081 2029 1303 2097 libuerit,
1347 2048 1637 2084 consumere
1677 2043 1723 2085 et
1757 2031 1862 2084 dis-

137 2125 363 2197 perdere,
391 2124 665 2180 dummodo
709 2143 768 2178 ne
807 2126 857 2178 in
884 2122 1138 2178 Ecclesias
1176 2136 1221 2178 et
1264 2121 1400 2179 Loca
1444 2121 1539 2178 Pia
1583 2125 1861 2198 quidquam

138 2221 343 2274 omnino
404 2217 678 2273 conserant.
739 2215 926 2273 Contra
992 2238 1106 2272 vcro
1163 2237 1250 2291 per
1292 2217 1450 2287 legem
1496 2217 1557 2272 de
1601 2237 1699 2274 non
1743 2220 1863 2273 alie-

138 2312 319 2367 nandis
381 2310 635 2366 Ecclesiae
697 2312 842 2367 bonis
880 2331 985 2366 -non
1032 2323 1258 2366 vetantur
1300 2309 1484 2367 Clerici
1528 2311 1660 2367 hona
1704 2315 1861 2386 patri-

140 2407 380 2462 monialia
424 2406 668 2475 alienare,
712 2425 925 2478 quorum
970 2406 1183 2460 liberum
1228 2405 1510 2460 dominium
1554 2418 1602 2461 et
1643 2406 1862 2461 admini-

139 2502 431 2555 strationem
477 2501 722 2568 retinent,
768 2499 853 2554 sed
900 2511 1126 2554 vetantur
1168 2497 1510 2553 Ecclesiarum
1554 2500 1684 2555 bona
1738 2500 1859 2555 alie-

139 2612 277 2662 nare,
304 2612 517 2666 quorum
562 2595 658 2666 ipsi
704 2613 790 2649 nec
834 2593 1136 2662 dominium,
1174 2613 1261 2647 nec
1307 2595 1662 2666 proprietatem
1709 2594 1860 2649 ullam

140 2689 343 2745 habent.

220 2782 488 2840 Praeterea
550 2785 901 2841 alienationem
960 2786 1205 2842 bonorum
1256 2783 1512 2840 Ecclesiae
1565 2804 1660 2839 non
1710 2786 1859 2841 modo

142 2879 270 2932 sacri
332 2896 582 2946 canones,
644 2878 730 2933 sed
792 2879 964 2935 civiles
1026 2899 1224 2951 quoque
1285 2879 1417 2947 leges
1479 2879 1858 2951 prohibuerunt.

1354 2974 1417 3024 17
