<?xml version="1.0" encoding="UTF-8"?>
<!DOCTYPE html PUBLIC "-//W3C//DTD XHTML 1.0 Transitional//EN"
    "http://www.w3.org/TR/xhtml1/DTD/xhtml1-transitional.dtd">
<html xmlns="http://www.w3.org/1999/xhtml" xml:lang="en" lang="en">
 <head>
  <title>
</title>
<meta http-equiv="Content-Type" content="text/html;charset=utf-8" />
  <meta name='ocr-system' content='tesseract 3.04.00' />
  <meta name='ocr-capabilities' content='ocr_page ocr_carea ocr_par ocr_line ocrx_word'/>
</head>
<body>
  <div class='ocr_page' id='page_1' title='image "./joanniscardinali00sogl_0217.png"; bbox 0 0 2114 3289; ppageno 0'>
   <div class='ocr_carea' id='block_1_1' title="bbox 392 116 1751 193">
    <p class='ocr_par' dir='ltr' id='par_1_1' title="bbox 392 116 1751 193">
     <span class='ocr_line' id='line_1_1' title="bbox 392 116 1751 193; baseline -0.001 -17"><span class='ocrx_word' id='word_1_1' title='bbox 392 116 436 193; x_wconf 68' lang='lat'><em>§-</em></span> <span class='ocrx_word' id='word_1_2' title='bbox 466 141 520 176; x_wconf 71' lang='grc' dir='ltr'><em>Χ.</em></span> <span class='ocrx_word' id='word_1_3' title='bbox 550 139 610 175; x_wconf 78' lang='lat' dir='ltr'><em>DE</em></span> <span class='ocrx_word' id='word_1_4' title='bbox 639 140 755 175; x_wconf 81' lang='lat' dir='ltr'>ARG.</span> <span class='ocrx_word' id='word_1_5' title='bbox 787 139 1032 176; x_wconf 79' lang='lat' dir='ltr'><strong>PROTEST.</strong></span> <span class='ocrx_word' id='word_1_6' title='bbox 1063 140 1127 174; x_wconf 75' lang='lat' dir='ltr'><em>Ex</em></span> <span class='ocrx_word' id='word_1_7' title='bbox 1153 139 1295 176; x_wconf 80' lang='lat' dir='ltr'><strong>SACR.</strong></span> <span class='ocrx_word' id='word_1_8' title='bbox 1326 139 1552 174; x_wconf 70' lang='lat' dir='ltr'><em>Llrrssnis</em></span> <span class='ocrx_word' id='word_1_9' title='bbox 1683 124 1751 175; x_wconf 74' lang='lat'><em>43</em></span> 
     </span>
    </p>
   </div>
   <div class='ocr_carea' id='block_1_2' title="bbox 99 239 1838 2959">
    <p class='ocr_par' dir='ltr' id='par_1_2' title="bbox 108 239 1838 1354">
     <span class='ocr_line' id='line_1_2' title="bbox 114 239 1836 315; baseline -0.002 -16"><span class='ocrx_word' id='word_1_10' title='bbox 114 240 303 300; x_wconf 80' lang='lat' dir='ltr'><em>Paulus</em></span> <span class='ocrx_word' id='word_1_11' title='bbox 356 240 487 315; x_wconf 87' lang='lat' dir='ltr'><em>(aet.</em></span> <span class='ocrx_word' id='word_1_12' title='bbox 531 239 632 298; x_wconf 87' lang='lat' dir='ltr'><em>XV</em></span> <span class='ocrx_word' id='word_1_13' title='bbox 677 240 828 312; x_wconf 80' lang='grc'>41),</span> <span class='ocrx_word' id='word_1_14' title='bbox 872 243 961 314; x_wconf 79' lang='lat' dir='ltr'><em>qui</em></span> <span class='ocrx_word' id='word_1_15' title='bbox 997 242 1324 315; x_wconf 81' lang='lat' dir='ltr'><em>perambulat</em></span> <span class='ocrx_word' id='word_1_16' title='bbox 1365 242 1579 314; x_wconf 76' lang='lat' dir='ltr'><em>Syriam</em></span> <span class='ocrx_word' id='word_1_17' title='bbox 1622 253 1668 296; x_wconf 87' lang='lat' dir='ltr'><em>et</em></span> <span class='ocrx_word' id='word_1_18' title='bbox 1712 243 1836 296; x_wconf 75' lang='lat' dir='ltr'><em>Cili-</em></span> 
     </span>
     <span class='ocr_line' id='line_1_3' title="bbox 112 335 1837 411; baseline -0.002 -19"><span class='ocrx_word' id='word_1_19' title='bbox 112 339 246 392; x_wconf 84' lang='lat' dir='ltr'><em>ciam</em></span> <span class='ocrx_word' id='word_1_20' title='bbox 287 338 591 411; x_wconf 81' lang='lat' dir='ltr'><em>confirmans</em></span> <span class='ocrx_word' id='word_1_21' title='bbox 627 335 901 403; x_wconf 69' lang='lat' dir='ltr'><em>Ecclesias,</em></span> <span class='ocrx_word' id='word_1_22' title='bbox 922 338 1248 410; x_wconf 76' lang='lat' dir='ltr'><em>praecipiens</em></span> <span class='ocrx_word' id='word_1_23' title='bbox 1274 336 1526 391; x_wconf 78' lang='lat' dir='ltr'><em>custodire</em></span> <span class='ocrx_word' id='word_1_24' title='bbox 1562 348 1837 409; x_wconf 82' lang='lat' dir='ltr'><em>praecepta</em></span> 
     </span>
     <span class='ocr_line' id='line_1_4' title="bbox 114 425 1832 504; baseline -0.002 -18"><span class='ocrx_word' id='word_1_25' title='bbox 114 431 512 504; x_wconf 78' lang='lat' dir='ltr'><em>Apostolorum,</em></span> <span class='ocrx_word' id='word_1_26' title='bbox 576 442 621 486; x_wconf 91' lang='lat' dir='ltr'><em>et</em></span> <span class='ocrx_word' id='word_1_27' title='bbox 679 432 996 488; x_wconf 83' lang='lat' dir='ltr'><em>Seniorum:</em></span> <span class='ocrx_word' id='word_1_28' title='bbox 1050 430 1114 488; x_wconf 82' lang='lat' dir='ltr'><em>Et</em></span> <span class='ocrx_word' id='word_1_29' title='bbox 1166 434 1345 486; x_wconf 88' lang='lat' dir='ltr'><em>iterum</em></span> <span class='ocrx_word' id='word_1_30' title='bbox 1407 425 1540 501; x_wconf 73' lang='lat' dir='ltr'><em>(act.</em></span> <span class='ocrx_word' id='word_1_31' title='bbox 1584 428 1710 486; x_wconf 86' lang='lat' dir='ltr'><em>XVI</em></span> <span class='ocrx_word' id='word_1_32' title='bbox 1763 427 1832 500; x_wconf 75' lang='lat'><em>4)</em></span> 
     </span>
     <span class='ocr_line' id='line_1_5' title="bbox 111 523 1836 600; baseline -0.003 -19"><span class='ocrx_word' id='word_1_33' title='bbox 111 528 217 600; x_wconf 87' lang='lat' dir='ltr'><em>ipse</em></span> <span class='ocrx_word' id='word_1_34' title='bbox 260 538 308 582; x_wconf 87' lang='lat' dir='ltr'><em>et</em></span> <span class='ocrx_word' id='word_1_35' title='bbox 346 523 667 596; x_wconf 81' lang='lat' dir='ltr'><strong>Timotheus,</strong></span> <span class='ocrx_word' id='word_1_36' title='bbox 711 544 826 579; x_wconf 78' lang='lat' dir='ltr'><em>eum</em></span> <span class='ocrx_word' id='word_1_37' title='bbox 859 527 1242 598; x_wconf 72' lang='lat' dir='ltr'><em>pertransirent</em></span> <span class='ocrx_word' id='word_1_38' title='bbox 1284 525 1536 592; x_wconf 54' lang='lat' dir='ltr'><em>civitates)</em></span> <span class='ocrx_word' id='word_1_39' title='bbox 1564 525 1836 579; x_wconf 81' lang='lat' dir='ltr'><em>tradebant</em></span> 
     </span>
     <span class='ocr_line' id='line_1_6' title="bbox 112 619 1834 692; baseline -0.001 -19"><span class='ocrx_word' id='word_1_40' title='bbox 112 619 182 673; x_wconf 87' lang='lat' dir='ltr'><em>eis</em></span> <span class='ocrx_word' id='word_1_41' title='bbox 224 620 478 675; x_wconf 81' lang='lat' dir='ltr'><em>custodire</em></span> <span class='ocrx_word' id='word_1_42' title='bbox 522 620 796 691; x_wconf 70' lang='lat' dir='ltr'><em>doymata,</em></span> <span class='ocrx_word' id='word_1_43' title='bbox 839 637 968 691; x_wconf 80' lang='lat' dir='ltr'><em>qnae</em></span> <span class='ocrx_word' id='word_1_44' title='bbox 1013 630 1160 673; x_wconf 85' lang='lat' dir='ltr'><em>erant</em></span> <span class='ocrx_word' id='word_1_45' title='bbox 1202 620 1405 674; x_wconf 78' lang='lat' dir='ltr'><em>decreta</em></span> <span class='ocrx_word' id='word_1_46' title='bbox 1446 620 1509 674; x_wconf 82' lang='lat' dir='ltr'><em>ab</em></span> <span class='ocrx_word' id='word_1_47' title='bbox 1551 619 1834 692; x_wconf 80' lang='lat' dir='ltr'><em>Apostolis,</em></span> 
     </span>
     <span class='ocr_line' id='line_1_7' title="bbox 111 710 1833 786; baseline -0.001 -19"><span class='ocrx_word' id='word_1_48' title='bbox 111 723 158 767; x_wconf 85' lang='lat' dir='ltr'><em>et</em></span> <span class='ocrx_word' id='word_1_49' title='bbox 199 713 529 781; x_wconf 72' lang='lat' dir='ltr'><em>SenioribaS,</em></span> <span class='ocrx_word' id='word_1_50' title='bbox 574 715 664 786; x_wconf 78' lang='lat' dir='ltr'><em>qui</em></span> <span class='ocrx_word' id='word_1_51' title='bbox 707 723 854 768; x_wconf 86' lang='lat' dir='ltr'><em>erant</em></span> <span class='ocrx_word' id='word_1_52' title='bbox 895 713 1303 785; x_wconf 81' lang='lat' dir='ltr'><em>Hierosolymis:</em></span> <span class='ocrx_word' id='word_1_53' title='bbox 1360 711 1423 769; x_wconf 87' lang='lat' dir='ltr'><em>Et</em></span> <span class='ocrx_word' id='word_1_54' title='bbox 1465 713 1599 769; x_wconf 90' lang='lat' dir='ltr'><em>idem</em></span> <span class='ocrx_word' id='word_1_55' title='bbox 1643 710 1833 768; x_wconf 86' lang='lat' dir='ltr'><em>Paulus</em></span> 
     </span>
     <span class='ocr_line' id='line_1_8' title="bbox 112 805 1834 880; baseline -0.001 -19"><span class='ocrx_word' id='word_1_56' title='bbox 112 805 136 861; x_wconf 95' lang='lat' dir='ltr'>I</span> <span class='ocrx_word' id='word_1_57' title='bbox 179 807 245 862; x_wconf 88' lang='lat' dir='ltr'><em>ad</em></span> <span class='ocrx_word' id='word_1_58' title='bbox 287 805 704 865; x_wconf 85' lang='lat' dir='ltr'><em>Thessalonicen.</em></span> <span class='ocrx_word' id='word_1_59' title='bbox 758 805 831 863; x_wconf 86' lang='lat' dir='ltr'><em>IV</em></span> <span class='ocrx_word' id='word_1_60' title='bbox 876 828 904 863; x_wconf 89' lang='lat' dir='ltr'><strong>v</strong></span> <span class='ocrx_word' id='word_1_61' title='bbox 951 810 1019 863; x_wconf 76' lang='lat'><em>2:</em></span> <span class='ocrx_word' id='word_1_62' title='bbox 1064 808 1219 865; x_wconf 88' lang='lat' dir='ltr'><em>Scitis</em></span> <span class='ocrx_word' id='word_1_63' title='bbox 1261 825 1388 880; x_wconf 80' lang='lat' dir='ltr'><em>qnae</em></span> <span class='ocrx_word' id='word_1_64' title='bbox 1424 818 1702 880; x_wconf 82' lang='lat' dir='ltr'><em>praecepta</em></span> <span class='ocrx_word' id='word_1_65' title='bbox 1746 806 1834 860; x_wconf 80' lang='lat' dir='ltr'><em>de-</em></span> 
     </span>
     <span class='ocr_line' id='line_1_9' title="bbox 110 901 1836 974; baseline -0.001 -18"><span class='ocrx_word' id='word_1_66' title='bbox 110 902 280 958; x_wconf 85' lang='lat' dir='ltr'><em>derim</em></span> <span class='ocrx_word' id='word_1_67' title='bbox 319 903 484 959; x_wconf 79' lang='lat' dir='ltr'><em>vobis:</em></span> <span class='ocrx_word' id='word_1_68' title='bbox 529 902 593 960; x_wconf 92' lang='lat' dir='ltr'><em>Et</em></span> <span class='ocrx_word' id='word_1_69' title='bbox 635 901 686 958; x_wconf 94' lang='grc' dir='ltr'><em>ΙΙ</em></span> <span class='ocrx_word' id='word_1_70' title='bbox 729 903 794 958; x_wconf 90' lang='lat' dir='ltr'><em>ad</em></span> <span class='ocrx_word' id='word_1_71' title='bbox 837 903 1041 960; x_wconf 86' lang='lat' dir='ltr'><em>eosdem</em></span> <span class='ocrx_word' id='word_1_72' title='bbox 1085 902 1163 959; x_wconf 94' lang='grc' dir='ltr'><em>ΙΙΙ</em></span> <span class='ocrx_word' id='word_1_73' title='bbox 1208 923 1254 961; x_wconf 89' lang='lat' dir='ltr'><em>v.</em></span> <span class='ocrx_word' id='word_1_74' title='bbox 1305 906 1405 959; x_wconf 78' lang='lat'><em>14:</em></span> <span class='ocrx_word' id='word_1_75' title='bbox 1450 903 1602 968; x_wconf 82' lang='lat' dir='ltr'><em>Quod</em></span> <span class='ocrx_word' id='word_1_76' title='bbox 1644 903 1687 957; x_wconf 89' lang='lat' dir='ltr'><em>si</em></span> <span class='ocrx_word' id='word_1_77' title='bbox 1723 902 1836 974; x_wconf 81' lang='lat' dir='ltr'><em>quis</em></span> 
     </span>
     <span class='ocr_line' id='line_1_10' title="bbox 109 995 1838 1072; baseline 0 -22"><span class='ocrx_word' id='word_1_78' title='bbox 109 1014 214 1050; x_wconf 76' lang='lat' dir='ltr'><em>non</em></span> <span class='ocrx_word' id='word_1_79' title='bbox 253 996 424 1053; x_wconf 81' lang='lat' dir='ltr'><em>obedit</em></span> <span class='ocrx_word' id='word_1_80' title='bbox 464 998 612 1053; x_wconf 76' lang='lat' dir='ltr'><em>verbo</em></span> <span class='ocrx_word' id='word_1_81' title='bbox 654 1008 826 1053; x_wconf 86' lang='lat' dir='ltr'><em>nostro</em></span> <span class='ocrx_word' id='word_1_82' title='bbox 860 1015 958 1072; x_wconf 87' lang='lat' dir='ltr'><em>per</em></span> <span class='ocrx_word' id='word_1_83' title='bbox 1001 997 1305 1071; x_wconf 84' lang='lat' dir='ltr'><em>epistolam,</em></span> <span class='ocrx_word' id='word_1_84' title='bbox 1348 997 1482 1051; x_wconf 77' lang='lat' dir='ltr'><em>hunc</em></span> <span class='ocrx_word' id='word_1_85' title='bbox 1523 1007 1728 1052; x_wconf 83' lang='lat' dir='ltr'><em>notate:</em></span> <span class='ocrx_word' id='word_1_86' title='bbox 1774 995 1838 1051; x_wconf 86' lang='lat' dir='ltr'><em>Et</em></span> 
     </span>
     <span class='ocr_line' id='line_1_11' title="bbox 112 1088 1831 1163; baseline -0.001 -17"><span class='ocrx_word' id='word_1_87' title='bbox 112 1090 351 1163; x_wconf 76' lang='lat' dir='ltr'><em>tandem,</em></span> <span class='ocrx_word' id='word_1_88' title='bbox 409 1104 462 1147; x_wconf 90' lang='lat' dir='ltr'><em>ut</em></span> <span class='ocrx_word' id='word_1_89' title='bbox 512 1091 614 1149; x_wconf 85' lang='lat' dir='ltr'><em>alia</em></span> <span class='ocrx_word' id='word_1_90' title='bbox 658 1094 922 1163; x_wconf 85' lang='lat' dir='ltr'><em>omittam,</em></span> <span class='ocrx_word' id='word_1_91' title='bbox 968 1090 1019 1147; x_wconf 86' lang='grc' dir='ltr'><em>ΙΙ</em></span> <span class='ocrx_word' id='word_1_92' title='bbox 1063 1092 1127 1147; x_wconf 91' lang='lat' dir='ltr'><em>ad</em></span> <span class='ocrx_word' id='word_1_93' title='bbox 1172 1090 1404 1149; x_wconf 83' lang='lat' dir='ltr'><em>Corinth.</em></span> <span class='ocrx_word' id='word_1_94' title='bbox 1450 1088 1582 1147; x_wconf 75' lang='lat' dir='ltr'>XIII</span> <span class='ocrx_word' id='word_1_95' title='bbox 1625 1112 1674 1161; x_wconf 64' lang='lat' dir='ltr'><em>v⁸⁴</em></span> <span class='ocrx_word' id='word_1_96' title='bbox 1723 1092 1831 1145; x_wconf 89' lang='lat'><em>10:</em></span> 
     </span>
     <span class='ocr_line' id='line_1_12' title="bbox 110 1185 1834 1259; baseline -0.001 -19"><span class='ocrx_word' id='word_1_97' title='bbox 110 1186 239 1241; x_wconf 80' lang='lat' dir='ltr'><em>Ideo</em></span> <span class='ocrx_word' id='word_1_98' title='bbox 297 1186 420 1242; x_wconf 77' lang='lat' dir='ltr'><em>liaeo</em></span> <span class='ocrx_word' id='word_1_99' title='bbox 470 1187 645 1242; x_wconf 83' lang='lat' dir='ltr'><em>absens</em></span> <span class='ocrx_word' id='word_1_100' title='bbox 686 1188 888 1255; x_wconf 75' lang='lat' dir='ltr'><em>scribo,</em></span> <span class='ocrx_word' id='word_1_101' title='bbox 932 1196 988 1241; x_wconf 82' lang='lat' dir='ltr'><em>ut</em></span> <span class='ocrx_word' id='word_1_102' title='bbox 1030 1205 1134 1240; x_wconf 86' lang='lat' dir='ltr'><em>non</em></span> <span class='ocrx_word' id='word_1_103' title='bbox 1167 1203 1412 1259; x_wconf 80' lang='lat' dir='ltr'><em>praesens</em></span> <span class='ocrx_word' id='word_1_104' title='bbox 1455 1185 1641 1240; x_wconf 79' lang='lat' dir='ltr'><em>durius</em></span> <span class='ocrx_word' id='word_1_105' title='bbox 1683 1203 1834 1256; x_wconf 70' lang='lat' dir='ltr'><em>aya-m</em></span> 
     </span>
     <span class='ocr_line' id='line_1_13' title="bbox 108 1279 1618 1354; baseline 0.001 -20"><span class='ocrx_word' id='word_1_106' title='bbox 108 1279 386 1336; x_wconf 81' lang='lat' dir='ltr'><em>secundum</em></span> <span class='ocrx_word' id='word_1_107' title='bbox 419 1291 742 1354; x_wconf 75' lang='lat' dir='ltr'><em>potestatem,</em></span> <span class='ocrx_word' id='word_1_108' title='bbox 786 1297 942 1353; x_wconf 80' lang='lat' dir='ltr'><em>quam</em></span> <span class='ocrx_word' id='word_1_109' title='bbox 985 1280 1242 1336; x_wconf 83' lang='lat' dir='ltr'><em>Dominus</em></span> <span class='ocrx_word' id='word_1_110' title='bbox 1284 1279 1428 1334; x_wconf 79' lang='lat' dir='ltr'><em>dedit</em></span> <span class='ocrx_word' id='word_1_111' title='bbox 1468 1279 1618 1336; x_wconf 73' lang='lat' dir='ltr'><em>milii.</em></span> 
     </span>
    </p>

    <p class='ocr_par' dir='ltr' id='par_1_3' title="bbox 106 1372 1833 1917">
     <span class='ocr_line' id='line_1_14' title="bbox 188 1372 1833 1449; baseline -0.001 -19"><span class='ocrx_word' id='word_1_112' title='bbox 188 1372 333 1432; x_wconf 86' lang='lat' dir='ltr'><em>Hanc</em></span> <span class='ocrx_word' id='word_1_113' title='bbox 385 1394 502 1432; x_wconf 82' lang='lat' dir='ltr'><em>vero</em></span> <span class='ocrx_word' id='word_1_114' title='bbox 555 1386 850 1449; x_wconf 84' lang='lat' dir='ltr'><em>potestatem</em></span> <span class='ocrx_word' id='word_1_115' title='bbox 893 1374 1137 1430; x_wconf 85' lang='lat' dir='ltr'><em>divinitus</em></span> <span class='ocrx_word' id='word_1_116' title='bbox 1182 1373 1282 1428; x_wconf 89' lang='lat' dir='ltr'><em>sibi</em></span> <span class='ocrx_word' id='word_1_117' title='bbox 1325 1373 1568 1429; x_wconf 81' lang='lat' dir='ltr'><em>traditam</em></span> <span class='ocrx_word' id='word_1_118' title='bbox 1610 1392 1710 1429; x_wconf 91' lang='lat' dir='ltr'><em>non</em></span> <span class='ocrx_word' id='word_1_119' title='bbox 1754 1392 1833 1429; x_wconf 87' lang='lat' dir='ltr'><em>so-</em></span> 
     </span>
     <span class='ocr_line' id='line_1_15' title="bbox 106 1462 1830 1544; baseline -0.001 -20"><span class='ocrx_word' id='word_1_120' title='bbox 106 1468 212 1524; x_wconf 92' lang='lat' dir='ltr'><em>lum</em></span> <span class='ocrx_word' id='word_1_121' title='bbox 270 1470 508 1544; x_wconf 80' lang='lat' dir='ltr'><em>seriptis,</em></span> <span class='ocrx_word' id='word_1_122' title='bbox 571 1487 744 1524; x_wconf 86' lang='lat' dir='ltr'><em>verum</em></span> <span class='ocrx_word' id='word_1_123' title='bbox 787 1470 939 1524; x_wconf 88' lang='lat' dir='ltr'><em>etiam</em></span> <span class='ocrx_word' id='word_1_124' title='bbox 981 1467 1128 1524; x_wconf 87' lang='lat' dir='ltr'><em>factis</em></span> <span class='ocrx_word' id='word_1_125' title='bbox 1171 1462 1405 1542; x_wconf 83' lang='lat' dir='ltr'><em>Apostoli</em></span> <span class='ocrx_word' id='word_1_126' title='bbox 1448 1467 1830 1524; x_wconf 85' lang='lat' dir='ltr'><em>confirmarunt.</em></span> 
     </span>
     <span class='ocr_line' id='line_1_16' title="bbox 106 1559 1833 1638; baseline -0.001 -19"><span class='ocrx_word' id='word_1_127' title='bbox 106 1559 342 1638; x_wconf 81' lang='lat' dir='ltr'><em>Namque</em></span> <span class='ocrx_word' id='word_1_128' title='bbox 383 1560 615 1620; x_wconf 85' lang='lat' dir='ltr'><em>Concilia</em></span> <span class='ocrx_word' id='word_1_129' title='bbox 659 1561 994 1633; x_wconf 80' lang='lat' dir='ltr'><em>celebrarunt,</em></span> <span class='ocrx_word' id='word_1_130' title='bbox 1028 1562 1090 1617; x_wconf 92' lang='lat' dir='ltr'><em>de</em></span> <span class='ocrx_word' id='word_1_131' title='bbox 1133 1560 1232 1617; x_wconf 89' lang='lat' dir='ltr'><em>fide</em></span> <span class='ocrx_word' id='word_1_132' title='bbox 1274 1574 1321 1617; x_wconf 86' lang='lat' dir='ltr'><em>et</em></span> <span class='ocrx_word' id='word_1_133' title='bbox 1363 1560 1590 1618; x_wconf 88' lang='lat' dir='ltr'><em>moribus</em></span> <span class='ocrx_word' id='word_1_134' title='bbox 1635 1560 1833 1617; x_wconf 81' lang='lat' dir='ltr'><em>decreta</em></span> 
     </span>
     <span class='ocr_line' id='line_1_17' title="bbox 107 1655 1833 1731; baseline -0.002 -18"><span class='ocrx_word' id='word_1_135' title='bbox 107 1657 392 1728; x_wconf 81' lang='lat' dir='ltr'><em>ediderunt,</em></span> <span class='ocrx_word' id='word_1_136' title='bbox 429 1657 563 1728; x_wconf 85' lang='lat' dir='ltr'><em>leges</em></span> <span class='ocrx_word' id='word_1_137' title='bbox 608 1655 907 1731; x_wconf 84' lang='lat' dir='ltr'><em>disciplinae</em></span> <span class='ocrx_word' id='word_1_138' title='bbox 951 1656 1187 1725; x_wconf 78' lang='lat' dir='ltr'><em>tulerunt,</em></span> <span class='ocrx_word' id='word_1_139' title='bbox 1231 1655 1459 1730; x_wconf 83' lang='lat' dir='ltr'><em>latasque</em></span> <span class='ocrx_word' id='word_1_140' title='bbox 1503 1655 1833 1726; x_wconf 75' lang='lat' dir='ltr'><em>abrogarunt,</em></span> 
     </span>
     <span class='ocr_line' id='line_1_18' title="bbox 108 1748 1831 1820; baseline -0.001 -14"><span class='ocrx_word' id='word_1_141' title='bbox 108 1749 346 1808; x_wconf 87' lang='lat' dir='ltr'><em>Pastores</em></span> <span class='ocrx_word' id='word_1_142' title='bbox 388 1763 435 1807; x_wconf 92' lang='lat' dir='ltr'><em>et</em></span> <span class='ocrx_word' id='word_1_143' title='bbox 474 1749 741 1807; x_wconf 86' lang='lat' dir='ltr'><em>Ministros</em></span> <span class='ocrx_word' id='word_1_144' title='bbox 801 1752 854 1805; x_wconf 82' lang='lat' dir='ltr'><em>in</em></span> <span class='ocrx_word' id='word_1_145' title='bbox 917 1750 1132 1806; x_wconf 78' lang='lat' dir='ltr'><em>diversis</em></span> <span class='ocrx_word' id='word_1_146' title='bbox 1193 1748 1526 1805; x_wconf 86' lang='lat' dir='ltr'><em>Hierarehiae</em></span> <span class='ocrx_word' id='word_1_147' title='bbox 1587 1748 1831 1820; x_wconf 85' lang='lat' dir='ltr'><em>gradihus</em></span> 
     </span>
     <span class='ocr_line' id='line_1_19' title="bbox 107 1844 1672 1917; baseline -0.002 -15"><span class='ocrx_word' id='word_1_148' title='bbox 107 1847 448 1917; x_wconf 80' lang='lat' dir='ltr'><em>instituerunt,</em></span> <span class='ocrx_word' id='word_1_149' title='bbox 492 1848 544 1902; x_wconf 91' lang='lat' dir='ltr'><em>in</em></span> <span class='ocrx_word' id='word_1_150' title='bbox 586 1865 697 1902; x_wconf 87' lang='lat' dir='ltr'><em>reos</em></span> <span class='ocrx_word' id='word_1_151' title='bbox 740 1857 786 1900; x_wconf 90' lang='lat' dir='ltr'><em>et</em></span> <span class='ocrx_word' id='word_1_152' title='bbox 829 1857 1146 1901; x_wconf 82' lang='lat' dir='ltr'><em>contumaees</em></span> <span class='ocrx_word' id='word_1_153' title='bbox 1191 1844 1672 1900; x_wconf 86' lang='lat' dir='ltr'><em>animadverterunt.</em></span> 
     </span>
    </p>

    <p class='ocr_par' dir='ltr' id='par_1_4' title="bbox 99 1936 1835 2959">
     <span class='ocr_line' id='line_1_20' title="bbox 187 1936 1832 2014; baseline -0.002 -18"><span class='ocrx_word' id='word_1_154' title='bbox 187 1939 335 2010; x_wconf 81' lang='lat' dir='ltr'><em>Quae</em></span> <span class='ocrx_word' id='word_1_155' title='bbox 378 1939 583 2014; x_wconf 88' lang='lat' dir='ltr'><em>quidem</em></span> <span class='ocrx_word' id='word_1_156' title='bbox 627 1941 796 1996; x_wconf 88' lang='lat' dir='ltr'><em>omnia</em></span> <span class='ocrx_word' id='word_1_157' title='bbox 841 1938 967 1995; x_wconf 89' lang='lat' dir='ltr'><em>adeo</em></span> <span class='ocrx_word' id='word_1_158' title='bbox 1011 1950 1182 2009; x_wconf 79' lang='lat' dir='ltr'><em>certa,</em></span> <span class='ocrx_word' id='word_1_159' title='bbox 1224 1949 1432 2013; x_wconf 79' lang='lat' dir='ltr'><em>aperta,</em></span> <span class='ocrx_word' id='word_1_160' title='bbox 1474 1950 1521 1992; x_wconf 92' lang='lat' dir='ltr'><em>et</em></span> <span class='ocrx_word' id='word_1_161' title='bbox 1563 1936 1832 1993; x_wconf 87' lang='lat' dir='ltr'><em>manifesta</em></span> 
     </span>
     <span class='ocr_line' id='line_1_21' title="bbox 106 2030 1835 2106; baseline -0.003 -14"><span class='ocrx_word' id='word_1_162' title='bbox 106 2048 256 2106; x_wconf 78' lang='lat' dir='ltr'><em>sunt,</em></span> <span class='ocrx_word' id='word_1_163' title='bbox 298 2047 352 2092; x_wconf 90' lang='lat' dir='ltr'><em>ut</em></span> <span class='ocrx_word' id='word_1_164' title='bbox 392 2032 709 2092; x_wconf 86' lang='lat' dir='ltr'><em>Moshemius</em></span> <span class='ocrx_word' id='word_1_165' title='bbox 751 2053 850 2090; x_wconf 90' lang='lat' dir='ltr'><em>non</em></span> <span class='ocrx_word' id='word_1_166' title='bbox 895 2033 1137 2105; x_wconf 85' lang='lat' dir='ltr'><em>ignobilis</em></span> <span class='ocrx_word' id='word_1_167' title='bbox 1181 2034 1311 2089; x_wconf 90' lang='lat' dir='ltr'><em>inter</em></span> <span class='ocrx_word' id='word_1_168' title='bbox 1359 2031 1650 2104; x_wconf 84' lang='lat' dir='ltr'><em>Theologos</em></span> <span class='ocrx_word' id='word_1_169' title='bbox 1706 2030 1835 2087; x_wconf 92' lang='lat' dir='ltr'><em>Pro-</em></span> 
     </span>
     <span class='ocr_line' id='line_1_22' title="bbox 103 2125 1835 2199; baseline -0.003 -15"><span class='ocrx_word' id='word_1_170' title='bbox 103 2141 339 2185; x_wconf 86' lang='lat' dir='ltr'><em>testantes</em></span> <span class='ocrx_word' id='word_1_171' title='bbox 399 2131 451 2184; x_wconf 91' lang='lat' dir='ltr'><em>in</em></span> <span class='ocrx_word' id='word_1_172' title='bbox 511 2128 933 2184; x_wconf 83' lang='lat' dir='ltr'><em>Institutionibns</em></span> <span class='ocrx_word' id='word_1_173' title='bbox 976 2127 1242 2182; x_wconf 83' lang='lat' dir='ltr'><em>Historiae</em></span> <span class='ocrx_word' id='word_1_174' title='bbox 1288 2126 1612 2182; x_wconf 79' lang='lat' dir='ltr'><em>Christianae</em></span> <span class='ocrx_word' id='word_1_175' title='bbox 1657 2125 1835 2199; x_wconf 85' lang='lat' dir='ltr'><em>Majo-</em></span> 
     </span>
     <span class='ocr_line' id='line_1_23' title="bbox 104 2219 1828 2294; baseline -0.001 -16"><span class='ocrx_word' id='word_1_176' title='bbox 104 2224 246 2278; x_wconf 82' lang='lat' dir='ltr'><em>ribus</em></span> <span class='ocrx_word' id='word_1_177' title='bbox 287 2243 387 2281; x_wconf 89' lang='lat' dir='ltr'><em>non</em></span> <span class='ocrx_word' id='word_1_178' title='bbox 429 2225 494 2279; x_wconf 87' lang='lat' dir='ltr'><em>sit</em></span> <span class='ocrx_word' id='word_1_179' title='bbox 536 2241 686 2279; x_wconf 85' lang='lat' dir='ltr'><em>ausus</em></span> <span class='ocrx_word' id='word_1_180' title='bbox 730 2242 931 2294; x_wconf 77' lang='lat' dir='ltr'><em>negare,</em></span> <span class='ocrx_word' id='word_1_181' title='bbox 960 2224 1012 2278; x_wconf 90' lang='lat' dir='ltr'><em>in</em></span> <span class='ocrx_word' id='word_1_182' title='bbox 1055 2220 1228 2279; x_wconf 86' lang='lat' dir='ltr'><em>Sacris</em></span> <span class='ocrx_word' id='word_1_183' title='bbox 1273 2219 1478 2277; x_wconf 82' lang='lat' dir='ltr'><em>Litteris</em></span> <span class='ocrx_word' id='word_1_184' title='bbox 1523 2240 1828 2277; x_wconf 87' lang='lat' dir='ltr'><em>commemo-</em></span> 
     </span>
     <span class='ocr_line' id='line_1_24' title="bbox 104 2313 1832 2393; baseline -0.002 -20"><span class='ocrx_word' id='word_1_185' title='bbox 104 2318 208 2374; x_wconf 87' lang='lat' dir='ltr'><em>rari</em></span> <span class='ocrx_word' id='word_1_186' title='bbox 250 2330 566 2393; x_wconf 76' lang='lat' dir='ltr'><em>potestatem,</em></span> <span class='ocrx_word' id='word_1_187' title='bbox 611 2335 763 2390; x_wconf 86' lang='lat' dir='ltr'><em>quam</em></span> <span class='ocrx_word' id='word_1_188' title='bbox 807 2314 1043 2372; x_wconf 87' lang='lat' dir='ltr'><em>Christus</em></span> <span class='ocrx_word' id='word_1_189' title='bbox 1086 2313 1348 2390; x_wconf 84' lang='lat' dir='ltr'><em>Apostolis</em></span> <span class='ocrx_word' id='word_1_190' title='bbox 1393 2315 1552 2385; x_wconf 81' lang='lat' dir='ltr'><em>dedit,</em></span> <span class='ocrx_word' id='word_1_191' title='bbox 1581 2334 1832 2388; x_wconf 88' lang='lat' dir='ltr'><em>quamque</em></span> 
     </span>
     <span class='ocr_line' id='line_1_25' title="bbox 99 2410 1827 2487; baseline -0.003 -19"><span class='ocrx_word' id='word_1_192' title='bbox 99 2415 199 2487; x_wconf 87' lang='lat' dir='ltr'><em>ipsi</em></span> <span class='ocrx_word' id='word_1_193' title='bbox 243 2423 600 2482; x_wconf 78' lang='lat' dir='ltr'><em>exercuerunt3</em></span> <span class='ocrx_word' id='word_1_194' title='bbox 645 2423 968 2467; x_wconf 83' lang='lat' dir='ltr'><em>veruntamen</em></span> <span class='ocrx_word' id='word_1_195' title='bbox 1014 2410 1235 2481; x_wconf 85' lang='lat' dir='ltr'><em>addidit,</em></span> <span class='ocrx_word' id='word_1_196' title='bbox 1279 2429 1390 2466; x_wconf 88' lang='lat' dir='ltr'><em>eam</em></span> <span class='ocrx_word' id='word_1_197' title='bbox 1433 2421 1730 2484; x_wconf 87' lang='lat' dir='ltr'><em>potestatem</em></span> <span class='ocrx_word' id='word_1_198' title='bbox 1774 2411 1827 2464; x_wconf 91' lang='lat' dir='ltr'><em>in</em></span> 
     </span>
     <span class='ocr_line' id='line_1_26' title="bbox 106 2502 1830 2582; baseline -0.003 -18"><span class='ocrx_word' id='word_1_199' title='bbox 106 2507 361 2565; x_wconf 80' lang='lat' dir='ltr'><em>Ecclesiae</em></span> <span class='ocrx_word' id='word_1_200' title='bbox 422 2506 717 2582; x_wconf 86' lang='lat' dir='ltr'><em>primordiis</em></span> <span class='ocrx_word' id='word_1_201' title='bbox 772 2508 1147 2576; x_wconf 78' lang='lat' dir='ltr'><em>neeessariam,</em></span> <span class='ocrx_word' id='word_1_202' title='bbox 1198 2509 1300 2563; x_wconf 86' lang='lat' dir='ltr'><em>vita</em></span> <span class='ocrx_word' id='word_1_203' title='bbox 1342 2505 1526 2560; x_wconf 80' lang='lat' dir='ltr'><em>functis</em></span> <span class='ocrx_word' id='word_1_204' title='bbox 1551 2502 1830 2578; x_wconf 80' lang='lat' dir='ltr'><em>Apostolis,</em></span> 
     </span>
     <span class='ocr_line' id='line_1_27' title="bbox 106 2598 1832 2672; baseline -0.003 -15"><span class='ocrx_word' id='word_1_205' title='bbox 106 2604 377 2658; x_wconf 83' lang='lat' dir='ltr'><em>extinctam</em></span> <span class='ocrx_word' id='word_1_206' title='bbox 439 2621 564 2658; x_wconf 84' lang='lat' dir='ltr'><em>esse.</em></span> <span class='ocrx_word' id='word_1_207' title='bbox 628 2600 729 2657; x_wconf 85' lang='lat' dir='ltr'><em>Sed</em></span> <span class='ocrx_word' id='word_1_208' title='bbox 784 2601 978 2656; x_wconf 89' lang='lat' dir='ltr'><em>nullum</em></span> <span class='ocrx_word' id='word_1_209' title='bbox 1031 2613 1382 2672; x_wconf 85' lang='lat' dir='ltr'><em>argumentum</em></span> <span class='ocrx_word' id='word_1_210' title='bbox 1426 2599 1604 2667; x_wconf 78' lang='lat' dir='ltr'><em>affert,</em></span> <span class='ocrx_word' id='word_1_211' title='bbox 1648 2617 1736 2654; x_wconf 87' lang='lat' dir='ltr'><em>cur</em></span> <span class='ocrx_word' id='word_1_212' title='bbox 1778 2598 1832 2653; x_wconf 91' lang='lat' dir='ltr'><em>id</em></span> 
     </span>
     <span class='ocr_line' id='line_1_28' title="bbox 102 2690 1833 2771; baseline -0.003 -20"><span class='ocrx_word' id='word_1_213' title='bbox 102 2696 344 2768; x_wconf 81' lang='lat' dir='ltr'><em>affirmet3</em></span> <span class='ocrx_word' id='word_1_214' title='bbox 388 2716 544 2771; x_wconf 89' lang='lat' dir='ltr'><em>eaque</em></span> <span class='ocrx_word' id='word_1_215' title='bbox 587 2698 761 2771; x_wconf 87' lang='lat' dir='ltr'><em>opinio</em></span> <span class='ocrx_word' id='word_1_216' title='bbox 806 2695 1068 2752; x_wconf 87' lang='lat' dir='ltr'><em>manifeste</em></span> <span class='ocrx_word' id='word_1_217' title='bbox 1112 2697 1366 2752; x_wconf 86' lang='lat' dir='ltr'><em>contraria</em></span> <span class='ocrx_word' id='word_1_218' title='bbox 1409 2705 1483 2748; x_wconf 86' lang='lat' dir='ltr'><em>est</em></span> <span class='ocrx_word' id='word_1_219' title='bbox 1526 2690 1697 2748; x_wconf 84' lang='lat' dir='ltr'><em>Sacris</em></span> <span class='ocrx_word' id='word_1_220' title='bbox 1725 2690 1833 2747; x_wconf 86' lang='lat' dir='ltr'><em>Lit-</em></span> 
     </span>
     <span class='ocr_line' id='line_1_29' title="bbox 105 2785 1830 2865; baseline -0.002 -21"><span class='ocrx_word' id='word_1_221' title='bbox 105 2791 261 2860; x_wconf 78' lang='lat' dir='ltr'><em>teriS,</em></span> <span class='ocrx_word' id='word_1_222' title='bbox 321 2803 367 2846; x_wconf 89' lang='lat' dir='ltr'><em>et</em></span> <span class='ocrx_word' id='word_1_223' title='bbox 417 2793 623 2848; x_wconf 84' lang='lat' dir='ltr'><em>rationi.</em></span> <span class='ocrx_word' id='word_1_224' title='bbox 687 2790 750 2846; x_wconf 90' lang='lat' dir='ltr'><em>Et</em></span> <span class='ocrx_word' id='word_1_225' title='bbox 792 2792 958 2865; x_wconf 89' lang='lat' dir='ltr'><em>primo</em></span> <span class='ocrx_word' id='word_1_226' title='bbox 1003 2790 1209 2864; x_wconf 87' lang='lat' dir='ltr'><em>quidem</em></span> <span class='ocrx_word' id='word_1_227' title='bbox 1253 2788 1424 2844; x_wconf 84' lang='lat' dir='ltr'><em>Sacris</em></span> <span class='ocrx_word' id='word_1_228' title='bbox 1467 2785 1674 2841; x_wconf 84' lang='lat' dir='ltr'><em>Litteris</em></span> <span class='ocrx_word' id='word_1_229' title='bbox 1717 2805 1830 2841; x_wconf 83' lang='lat' dir='ltr'><em>eum</em></span> 
     </span>
     <span class='ocr_line' id='line_1_30' title="bbox 104 2879 1830 2959; baseline -0.003 -19"><span class='ocrx_word' id='word_1_230' title='bbox 104 2882 336 2941; x_wconf 85' lang='lat' dir='ltr'><em>Christus</em></span> <span class='ocrx_word' id='word_1_231' title='bbox 385 2887 491 2959; x_wconf 85' lang='lat' dir='ltr'><em>ipse</em></span> <span class='ocrx_word' id='word_1_232' title='bbox 534 2886 917 2956; x_wconf 80' lang='lat' dir='ltr'><em>significaverit,</em></span> <span class='ocrx_word' id='word_1_233' title='bbox 960 2896 1255 2958; x_wconf 87' lang='lat' dir='ltr'><em>potestatem</em></span> <span class='ocrx_word' id='word_1_234' title='bbox 1300 2882 1555 2956; x_wconf 85' lang='lat' dir='ltr'><em>Apostolis</em></span> <span class='ocrx_word' id='word_1_235' title='bbox 1591 2879 1830 2937; x_wconf 85' lang='lat' dir='ltr'><em>traditam</em></span> 
     </span>
    </p>
   </div>
  </div>
 </body>
</html>
