2114 3289
331 114 403 166 90
449 130 542 167 LIB.
564 130 616 167 11.
640 130 685 166 G.
714 129 747 165 1.
779 128 837 163 DE
865 129 913 163 R.
939 126 1203 164 PONTIFIGE
1230 125 1402 169 EJUSQ.
1433 127 1772 167 ADJUTORIBUS

250 237 303 291 2.
329 245 522 307 quaest.
564 235 695 288 961.
742 231 938 304 quaerit
980 246 1083 301 qua
1125 229 1188 285 de
1232 248 1386 287 causa
1429 241 1475 287 et
1516 231 1741 304 qualiter
1783 233 1970 288 divisio

243 328 501 382 Dioecesis
543 344 658 380 cum
701 324 951 379 erectione
993 342 1154 380 novae
1186 325 1507 381 Cathedralis
1527 327 1646 400 fieri
1674 337 1719 381 et
1737 315 1974 399 permitti

238 422 437 495 possit,
481 432 528 475 et
572 417 872 493 respondet,
915 418 1042 472 dam
1085 437 1153 474 eac
1209 419 1467 475 Dioecesis
1525 422 1868 494 amplitudine
1930 431 1976 476 et

247 516 450 570 itineris
475 513 772 586 asperitate,
800 512 1121 586 nimia-mque
1160 514 1541 569 incommodam
1583 517 1826 571 redditur
1869 518 1977 570 Pa·-

247 610 371 664 stori
413 625 523 662 oves
565 607 765 662 statutis
807 609 1118 681 temporibus
1158 609 1392 676 visitare,
1428 627 1800 681 recognoscerej
1829 610 1976 683 ipsis-

248 723 342 776 que
401 703 575 757 ovibus
617 714 879 775 pastorem
937 703 1087 758 adire
1106 745 1127 772 ³
1174 703 1374 777 justam
1418 705 1610 759 censeri
1652 723 1857 760 causam
1898 705 1978 777 fa-

248 798 418 853 ciendi
461 797 766 852 divisionem
809 797 1157 865 Dioecesium,
1200 799 1275 853 ait
1319 799 1475 856 Carcl.
1512 799 1574 853 de
1616 802 1756 854 Luca
1789 800 1845 854 in
1872 800 1977 855 Mi-

249 892 455 950 scellan.
484 892 536 950 d.
585 894 636 950 1.
680 911 732 949 ii.
782 895 913 970 115.
959 896 1199 948 Attamen
1242 905 1381 949 certa
1424 905 1470 949 et
1513 894 1855 949 determinata
1895 912 1978 948 re-

248 987 372 1060 qala
397 987 695 1059 cuicumque
723 988 865 1042 casui
890 988 1214 1061 applicabilis
1241 990 1458 1062 desuper
1481 989 1637 1043 statui
1662 1007 1765 1042 iton
1783 999 1975 1062 potest:

240 1082 403 1156 plura
444 1082 701 1154 siquidem
743 1099 899 1154 qaam
941 1084 1081 1138 elicta
1123 1101 1278 1139 caasa
1319 1085 1569 1155 requisita
1612 1084 1682 1138 ad
1722 1084 1781 1137 id
1806 1083 1977 1154 requi-

247 1188 460 1245 runtur,
488 1195 546 1232 ea
573 1178 883 1249 praesertim
925 1189 982 1232 ut
1023 1180 1267 1251 antiquae
1310 1180 1566 1234 Ecclesiae
1610 1178 1837 1250 diynitas
1878 1196 1980 1231 iton

249 1272 493 1339 vilescat,
537 1291 595 1327 ac
639 1273 795 1327 etiam
837 1291 968 1328 nova
1011 1274 1393 1329 convenientem
1435 1293 1630 1347 quoque
1674 1273 1982 1346 cliynitatem

250 1366 431 1421 sortiri
475 1377 521 1421 et
564 1385 862 1422 conservare
905 1368 1089 1426 valeat.

330 1461 585 1519 Hactenus
629 1462 690 1518 de
733 1461 1129 1537 Episcopatuum
1171 1467 1438 1535 erectione,
1466 1465 1626 1538 deque
1663 1482 1836 1519 eorum
1863 1481 1979 1536 sup-

253 1558 542 1630 pressione,
587 1558 936 1628 conjunctione
978 1570 1025 1613 et
1069 1559 1318 1614 divisione
1363 1561 1552 1615 dictum
1595 1571 1696 1628 est,
1740 1570 1787 1612 et
1830 1558 1977 1613 uobis

254 1651 460 1724 quidem
505 1652 627 1707 satis
671 1651 863 1707 dixisse
909 1651 1173 1722 videmur,
1218 1673 1331 1708 cum
1374 1674 1430 1709 ea
1474 1655 1807 1729 praesertim,
1852 1671 1978 1725 quae

254 1746 306 1799 in
351 1744 573 1800 medium
617 1746 955 1820 protulimus,
1002 1746 1126 1803 adeo
1171 1761 1305 1803 certa
1355 1748 1715 1822 explorataque
1759 1748 1884 1816 sint,
1929 1758 1982 1801 ut

255 1860 283 1895 a
311 1840 448 1897 nullo
488 1839 706 1896 Doctore
751 1840 1000 1897 catholico
1042 1844 1095 1897 111
1139 1844 1534 1898 controversiam
1580 1840 1832 1897 vocentur.
1879 1839 1981 1896 Sed

254 1936 496 2007 quoniam
555 1946 798 2008 potestate
848 1954 1021 1991 eorum
1074 1939 1300 1992 omnium
1344 1936 1654 2007 agendorum
1697 1935 1980 2009 praeditam

255 2047 408 2083 unam
452 2028 884 2093 Ecclesiamesse
928 2031 1320 2100 affirmavimus,
1364 2032 1613 2105 reliquum
1656 2043 1755 2099 est,
1799 2041 1851 2084 ut
1893 2049 1980 2103 pa-

254 2124 358 2180 lam
401 2122 667 2194 faciamus,
711 2126 919 2197 quinam
963 2124 1218 2181 Ecclesiae
1261 2128 1461 2182 nomine
1504 2125 1817 2196 intelligendi
1861 2126 1979 2193 sint,

255 2236 378 2273 1111111
421 2216 714 2288 Pontifices,
756 2239 874 2274 num
920 2218 1271 2291 Patriarchae,
1299 2241 1418 2277 1111111
1461 2219 1834 2294 Metropolitae„
1861 2238 1980 2273 1111111

259 2311 510 2384 Concilia,
553 2335 672 2370 num
716 2314 930 2389 denique
974 2317 1160 2387 singuli
1203 2319 1466 2392 Episcopi.

336 2408 467 2464 Huic
520 2411 803 2483 quaestioni
846 2423 952 2465 tum
996 2412 1057 2467 de
1101 2412 1263 2482 sacto,
1308 2424 1413 2467 tum
1456 2413 1517 2467 de
1559 2414 1667 2483 jure
1712 2409 1979 2484 responde-

258 2504 427 2560 bimus
435 2546 456 2572 ,
500 2524 558 2560 eo
603 2504 678 2560 vel
723 2506 885 2576 magis
929 2507 1063 2579 quod
1109 2507 1320 2562 alterum
1364 2507 1428 2562 al)
1473 2507 1628 2562 altero
1680 2506 1977 2560 illustratur.

258 2599 414 2668 Quod
459 2603 626 2675 itaque
670 2600 735 2656 ad
779 2601 965 2656 factum
1009 2603 1212 2672 attinet,
1258 2623 1438 2677 operae
1482 2604 1695 2676 pretium
1738 2601 1831 2656 erit
1874 2601 1980 2654 aui-

258 2696 589 2765 madverteoe,
627 2695 880 2751 Ecclesiae
923 2696 1247 2771 disciplinam
1292 2698 1385 2752 hac
1430 2699 1481 2751 111
1526 2717 1577 2751 re
1622 2708 1693 2750 ter
1736 2707 1978 2750 mutatam

260 2809 403 2860 esse3
446 2790 546 2845 alia
589 2792 723 2846 enim
767 2790 860 2845 fuit
901 2790 965 2845 ah
1008 2790 1324 2846 incunabulis
1369 2790 1622 2846 Ecclesiae
1684 2790 1747 2846 ad
1810 2808 1979 2845 saecu-

261 2883 367 2939 lum
426 2883 546 2954 VI„
607 2886 706 2940 alia
759 2885 824 2940 ab
875 2886 970 2940 hoc
1013 2885 1212 2941 saeculo
1258 2885 1322 2940 ad
1365 2886 1617 2941 saeculum
1661 2883 1836 2954 Vlll.‚
1882 2885 1982 2940 alia

263 2977 477 3051 denique
520 3001 548 3037 a
593 2980 791 3038 saeculo
836 2979 980 3038 VIII.
1027 2981 1090 3039 ad
1137 2994 1303 3040 nostra
1350 2994 1589 3056 tempora.
