2114 3289
330 103 374 179 §-
405 125 572 162 xxvn.
603 123 663 159 DE
690 123 813 157 June
844 119 1231 157 EPISGOPATUUM
1258 116 1621 154 ERIGENDORUM
1685 102 1756 152 93

113 240 342 302 scopatus
384 228 450 282 iis
491 226 549 280 in
590 224 751 290 loeis)
794 224 883 277 ubi
926 223 1124 277 noviter
1161 220 1287 295 fidei
1329 220 1503 274 lumen
1544 217 1840 285 illuxerat,

115 343 228 378 cum
270 339 401 376 nova
445 319 568 374 haec
610 317 885 389 Ecanqelii
921 316 1274 389 promulqatio
1311 314 1430 388 fieri
1471 312 1683 378 soleret,
1721 330 1845 384 pro-

114 426 340 471 movente
402 433 461 469 ac
521 413 799 467 mandante
852 415 1088 465 Romano
1132 410 1380 483 Pontifice
1400 451 1419 476 ,
1463 426 1566 461 non
1606 416 1843 479 poterant

114 511 218 564 viri
278 508 558 582 Apostolici
618 507 760 561 novis
818 507 989 559 ovibus
1048 521 1199 557 novos
1255 504 1380 557 dare
1428 512 1696 574 pastores9
1742 499 1844 554 nisi

110 605 250 659 idem
291 602 656 658 consuleretur.
703 604 925 671 Cumque
962 599 1167 671 pariter
1203 597 1458 651 Ecclesiae
1485 595 1844 668 aqqreqandae

116 711 276 755 essent
317 719 476 754 novae
522 697 830 753 Provinciae
843 739 862 763 ,
906 714 1004 767 quo
1047 713 1150 748 non
1192 712 1240 749 se
1277 693 1614 766 protendebat
1657 703 1846 746 cetero-

111 813 230 848 rum
273 793 643 866 Episcoporum
704 790 1017 856 auctoritas)
1060 789 1132 843 ibi
1193 805 1350 842 noras
1401 786 1647 842 extollere
1691 785 1846 842 Sedes

115 888 260 943 illius
302 899 503 942 tantum
547 898 656 941 erat
691 884 978 958 potestatis2
1023 901 1152 955 quae
1196 882 1355 936 nullis
1392 882 1581 956 sinibus
1614 889 1845 934 coarcta-

113 995 217 1040 tur.
263 982 466 1037 Deinde
508 980 767 1053 quidquid
801 978 1093 1052 peculiares
1136 977 1336 1049 Syn-odi
1379 975 1717 1030 decernebant
1742 992 1846 1027 non
1923 1038 1926 1041 .

111 1077 188 1131 ita
230 1077 583 1130 inconcussum
620 1075 928 1148 firmumque
957 1083 1088 1139 erat9
1117 1083 1173 1126 ut
1209 1071 1513 1143 quandoque
1534 1069 1846 1142 posteriores

117 1171 318 1243 Synodi
360 1189 464 1223 non
505 1169 855 1243 infirmarent)
890 1167 968 1222 vel
1014 1167 1284 1238 Principes
1325 1166 1426 1238 ipsi
1467 1165 1713 1236 infectum
1744 1162 1847 1216 rel-

119 1265 241 1322 lent.
306 1268 496 1320 Contra
545 1264 603 1318 id
643 1281 762 1317 cero
804 1262 942 1333 quod
976 1261 1155 1333 prima
1198 1260 1352 1316 Sedes
1394 1269 1672 1324 statuerat,
1715 1256 1849 1329 infe-

110 1362 273 1415 riores
332 1361 487 1416 Sedes
528 1359 795 1429 insurqere
838 1357 981 1410 ltaud
1014 1365 1294 1427 poterant,
1339 1365 1383 1408 et
1427 1353 1701 1425 Principes
1742 1353 1843 1425 ipsi

113 1454 358 1525 reliqioni
401 1454 652 1507 ducebant
693 1451 1000 1524 infrinqere.
1045 1452 1163 1504 Non
1197 1468 1321 1504 raro
1348 1449 1526 1515 etiam,
1555 1448 1681 1502 dum
1705 1447 1849 1501 novis

111 1550 376 1623 Episcopis
411 1549 660 1622 propriae
703 1548 968 1602 Dioeceses
1013 1557 1159 1601 erant
1194 1545 1559 1617 assiqnantlae,
1586 1562 1701 1598 cum
1722 1543 1846 1618 fini-

110 1646 249 1700 timis
308 1644 572 1717 Episcopis
617 1644 678 1697 de
723 1643 820 1696 sibi
863 1653 1112 1714 usurpata
1155 1640 1578 1711 conquerentibus
1614 1639 1846 1713 jurisdi-

113 1740 276 1794 ctione
336 1739 450 1793 lites
502 1748 744 1811 poterant
805 1737 978 1803 oriri,
1023 1737 1094 1790 ad
1154 1753 1279 1806 quas
1322 1734 1647 1789 dirimendas
1699 1733 1848 1788 nulla

117 1835 282 1906 maqis
323 1834 514 1888 idonea
558 1843 818 1904 potestasj
871 1849 1024 1903 quam
1078 1830 1305 1883 Romani
1356 1829 1639 1902 Pontifici&
1701 1828 1849 1882 Illud

118 1930 325 1983 demum
367 1928 425 1982 in
451 1928 594 1981 novis
625 1926 993 1981 constituendis
1019 1925 1258 1979 Ecclesiis
1278 1935 1481 1996 poterat
1507 1923 1845 1989 intercedere,

117 2024 255 2095 quod
318 2023 604 2077 necessaria
659 2023 792 2094 foret
850 2021 1030 2092 aliqua
1074 2023 1339 2075 Canonuni
1392 2018 1744 2091 dispensatiO,
1788 2036 1847 2072 ac

108 2119 334 2190 proinde
370 2119 602 2190 primam
646 2117 830 2172 Sedem
872 2116 1027 2188 fuisse
1070 2114 1389 2180 adeundam,
1416 2112 1568 2187 cujus
1604 2123 1694 2180 est2
1722 2113 1849 2166 dum

115 2214 191 2267 ita
234 2222 511 2286 ea‘poscant
552 2211 630 2266 vel
657 2211 923 2266 necessitas
964 2210 1043 2265 vel
1067 2210 1290 2277 utilitas2
1321 2212 1587 2264 Canonum
1620 2210 1849 2279 riqorem
1898 2202 1901 2204 ’

118 2308 455 2364 emollescere.

199 2402 300 2459 Sed
346 2415 615 2477 postquam
659 2402 953 2459 Occidentis
1016 2400 1291 2476 Imperium
1353 2399 1552 2456 saeculo
1594 2397 1642 2453 V
1684 2398 1847 2452 extin-

121 2510 258 2553 ctum
301 2510 394 2567 est9
439 2497 773 2572 Imperatores
818 2493 1065 2565 Orientis,
1109 2495 1296 2568 aliique
1340 2493 1537 2550 Summi
1581 2490 1846 2565 Principes

120 2605 388 2666 coeperunt
431 2594 482 2646 in
543 2593 646 2647 suis
709 2593 921 2665 quisque
981 2589 1269 2646 Provinciis
1332 2589 1393 2643 de
1454 2586 1844 2662 Episcopatibus

121 2686 372 2755 erigendis
418 2687 660 2742 sollicitos
687 2706 738 2741 se
781 2686 1062 2754 ostendere,
1090 2685 1154 2739 ad
1183 2703 1365 2756 eosque
1401 2680 1671 2749 dotandos,
1710 2692 1848 2734 tuen-

123 2779 312 2851 dosque
340 2800 446 2836 sese
490 2793 693 2854 paratos
736 2781 994 2836 exhibere.
1040 2780 1227 2834 Prima
1251 2776 1576 2841 ιῙυεῐὶηἱιιηιι,
1608 2776 1677 2829 ait
1708 2773 1849 2831 Tho-

121 2874 372 2928 massinus
416 2874 476 2929 de
519 2895 634 2931 nov,
680 2888 725 2930 et
770 2887 864 2931 ver.
910 2874 1048 2930 Ecel.
1096 2872 1295 2945 discipl.
1343 2892 1391 2945 p.
1442 2873 1465 2924 1
1517 2871 1607 2927 lib.
1654 2868 1694 2926 Ι.
1733 2868 1843 2943 cap.
