2114 3289
340 120 452 172 152

1095 241 1147 286 P.

244 322 413 372 Sancti
444 324 626 370 Patres.
665 322 865 376 Quinam
899 316 1151 368 dicuntur?
1187 320 1268 368 96.
1306 321 1479 368 Eorum
1519 320 1787 368 auctoritas
1810 327 1857 367 et
1879 333 1991 368 usus

381 406 431 451 in
466 405 574 451 Jure
610 403 851 449 Canonico
890 402 951 448 97
996 408 1042 449 et
1078 415 1209 460 seqq.

244 485 481 533 Placitum
515 483 711 545 reqium.
749 481 866 541 Ejus
901 483 1036 543 origo
1073 483 1154 530 62.
1195 483 1266 529 An
1305 480 1410 540 ejus
1448 495 1559 529 usus
1610 483 1675 530 sit
1721 480 1879 542 justus
1932 482 1992 528 63

391 575 437 615 et
472 581 604 627 seqq.

247 648 584 709 Promulqatio.
633 648 737 694 vid.
785 649 1188 695 constitutionum
1242 646 1542 706 Apostolicae
1595 646 1732 693 Sedis
1782 646 1994 707 promul-

385 734 532 791 gatio.

1096 812 1148 857 R.

248 891 447 953 Reyulae
481 892 800 940 Cancellariae
841 892 934 940 140
972 899 1018 939 et
1055 905 1188 951 seqq.

248 974 509 1037 Rescripta.
546 976 719 1022 Eorum
753 975 964 1022 definitio
1003 981 1050 1021 et
1082 974 1253 1020 divisio
1289 974 1371 1020 65.
1409 972 1696 1020 Eorumdem
1734 972 1995 1019 auctoritas

384 1063 431 1103 et
464 1069 576 1103 usus
611 1057 672 1102 65
712 1063 758 1102 et
794 1068 924 1115 seqq.
962 1055 1210 1113 Rescripta
1246 1054 1418 1100 vitiosa
1455 1055 1643 1099 ratione
1688 1064 1995 1111 personarum

383 1139 463 1185 68.
499 1138 698 1184 Ratione
733 1150 927 1196 precum
964 1137 1043 1183 69.
1082 1136 1282 1183 Ratione
1319 1135 1501 1182 formae
1540 1135 1619 1181 71.
1646 1134 1996 1192 Rosci-iptorum

386 1220 605 1265 executio
643 1225 689 1265 et
724 1219 927 1265 cessatio
968 1218 1049 1263 75.

250 1298 497 1347 Rubricae.
535 1301 707 1346 Earum
747 1299 1004 1346 auctoritas
1044 1298 1156 1344 137.

1107 1380 1155 1426 S.

251 1462 398 1509 Sacra
432 1461 683 1523 Scriptura
716 1461 823 1523 sons
857 1460 992 1507 Jiiris
1036 1460 1279 1507 Canonici.
1332 1460 1580 1507 Sacrarum
1625 1459 1993 1518 Scripturarum,

385 1545 483 1590 sive
520 1545 630 1590 novi
667 1550 712 1590 et
755 1544 927 1589 veteris
977 1544 1270 1589 Testamenti
1319 1542 1427 1587 libri
1479 1542 1559 1587 28.
1600 1541 1784 1589 Veteris
1834 1541 1999 1587 Testa·-

384 1625 531 1671 menti
567 1638 678 1670 usus
716 1631 762 1670 ct
798 1625 1055 1670 auctoritas
1093 1625 1141 1669 in
1177 1625 1286 1670 ‚Iure
1337 1623 1579 1670 Canonico
1629 1621 1711 1667 29.
1750 1622 1870 1668 Novi
1907 1622 1997 1667 Te-

384 1707 607 1751 stamenti
645 1718 755 1752 usus
792 1711 840 1751 et
875 1706 1134 1751 auctoritas
1171 1704 1252 1749 33.

251 1785 524 1833 Summart‘a
564 1786 673 1832 137.

1101 1869 1151 1912 T.

253 1946 468 1995 Traditio
502 1925 610 2009 fons
643 1947 779 1994 Jaris
815 1947 1058 1995 Canonici.
1098 1945 1214 2006 Ejus
1251 1948 1464 1994 definitio
1502 1947 1582 1993 37.
1610 1946 1790 1993 Divisio
1827 1946 1876 1990 in
1913 1946 1997 1991 Di-

382 2030 558 2085 vinam,
594 2030 912 2088 Apostolicam
964 2037 1009 2076 ct
1044 2030 1429 2076 Ecclesiasticam
1467 2028 1545 2073 37.
1588 2029 1706 2074 Usus
1746 2033 1791 2072 et
1829 2032 1995 2072 aucto-

384 2110 500 2156 ritas
535 2111 859 2158 Traditionum
898 2112 947 2157 in
983 2112 1092 2158 ,Iure
1129 2113 1369 2157 Canonico
1407 2109 1470 2156 38
1507 2115 1554 2156 et
1591 2121 1719 2167 seqq.
