2114 3289
327 137 399 187 46
647 152 740 187 ΜΒ.
768 151 802 187 1.
829 149 946 186 GAP.
974 148 1008 186 1.
1043 148 1104 184 DE
1136 148 1292 185 STATU
1322 149 1596 187 ECGLESIAE

237 251 369 298 nullo
414 251 548 299 modo
595 257 706 298 sunt
752 248 816 296 ad
859 247 996 312 fidem
1045 248 1347 311 compellendi
1391 256 1446 297 ut
1479 250 1575 314 ipsi
1611 249 1838 309 credant,
1875 253 1990 315 quia

235 332 418 381 credere
464 331 722 380 voluntatis
770 337 853 377 est.
905 330 1029 377 Sunt
1067 336 1225 377 tamen
1261 331 1564 393 compellendi
1599 348 1629 379 a
1664 331 1878 396 fidelibus
1895 369 1912 392 ,
1948 334 1992 381 si

235 415 363 462 adsit
410 415 647 477 facultas,
696 419 750 460 ut
797 412 934 476 fidem
982 429 1078 460 non
1125 412 1387 474 impediant
1433 415 1504 462 vel
1547 415 1881 478 blasphemiis,
1918 416 1992 463 vel

233 496 374 543 malis
399 494 808 558 persuasionibus,
832 494 902 541 vel
938 495 1081 541 etiam
1117 495 1295 556 apertis
1326 497 1746 557 persecutionibus.
1784 497 1844 544 Et
1875 512 1993 560 pro-

226 585 336 641 pter
368 578 449 644 hoc
484 575 639 638 fideles
673 575 851 623 Christi
881 575 1151 638 frequenter
1173 583 1337 623 contra
1361 575 1571 640 infideles
1595 578 1762 626 bellum
1783 586 1988 635 movent,

234 674 330 706 non
377 656 562 720 quidem
608 663 677 703 ut*
710 672 784 704 eos
830 656 893 704 ad
939 656 1216 705 credendum
1267 665 1465 719 coqant,
1510 659 1623 720 quia
1658 661 1701 706 si
1736 661 1879 708 etiam
1916 676 1991 707 eos

235 739 492 795 vicissent,
529 745 572 786 et
606 739 815 800 captivos
850 738 1103 798 haberent,
1140 739 1194 785 in
1230 755 1388 786 eorum
1425 739 1639 787 libertate
1672 742 1992 804 relinquerent

236 836 299 866 an
335 818 517 867 credere
549 819 749 878 vellent,-
787 819 866 868 sed
895 828 1090 883 propter
1124 820 1228 880 hoc,
1252 827 1305 867 ut
1341 837 1415 868 eos
1450 821 1728 884 compellant
1762 838 1817 871 ne
1853 822 1991 886 fidem

233 900 412 948 Christi
446 893 725 963 impediant.
875 964 879 966 v

301 982 403 1029 Alii
449 997 557 1030 vero
606 989 716 1030 sunt
764 981 1009 1046 infideles,
1054 983 1136 1046 qui
1171 982 1443 1046 quandoque
1481 982 1617 1047 fidem
1653 991 1989 1046 susceperunt,

234 1063 358 1110 sicut
394 1063 651 1123 haeretici,
687 1071 731 1111 et
778 1064 1055 1127 quicumque
1103 1072 1380 1127 apostatae,·
1431 1071 1474 1112 et
1522 1065 1638 1112 tales
1687 1072 1798 1112 sunt
1845 1066 1991 1113 etiam

234 1147 545 1209 corporaliter
578 1147 913 1210 compellendi,
951 1156 1004 1194 ut
1038 1148 1265 1211 impleant
1300 1147 1421 1211 quod
1450 1148 1801 1211 promiserunt,
1837 1155 1880 1196 et
1916 1156 1986 1196 te-

234 1236 378 1276 neant
412 1229 533 1290 quod
567 1230 703 1276 semel
737 1237 1054 1291 susceperunt.

301 1312 360 1356 Et
403 1312 575 1357 ibidem
612 1312 669 1357 ad
705 1312 764 1357 3:
805 1312 939 1358 Sicut
974 1326 1137 1359 vovere
1173 1317 1237 1359 est
1273 1311 1568 1370 voluntatis,
1606 1310 1796 1359 reddere
1831 1317 1986 1358 autem

233 1392 562 1449 necessitatis,·
610 1392 682 1438 ita
730 1394 938 1454 accipere
982 1392 1119 1456 fidem
1153 1401 1219 1440 est
1255 1393 1547 1451 voluntatis,
1585 1392 1664 1440 sed
1697 1378 1851 1441 tenere
1885 1408 1988 1440 eam

233 1480 469 1534 acceptam
504 1480 571 1520 est
606 1473 928 1521 necessitatis:
965 1481 1007 1520 et
1041 1473 1145 1521 ideo
1180 1473 1408 1521 haeretici
1442 1482 1551 1521 sunt
1586 1473 1909 1537 compellendi,
1933 1480 1985 1520 ut

233 1552 370 1616 fidem
404 1560 610 1601 teneant.

303 1637 418 1682 Vide
469 1637 744 1683 Suarezium
791 1634 845 1683 de
895 1635 1006 1683 Fide
1048 1651 1157 1683 sess.
1195 1637 1222 1682 3
1260 1636 1381 1698 disp.
1429 1638 1522 1693 20,
1560 1637 1896 1683 Bellorminum
1931 1633 1986 1682 de

234 1714 374 1763 laicis
421 1716 501 1762 lib.
540 1717 568 1761 3
605 1732 707 1778 cap.
745 1718 803 1762 21
845 1724 887 1764 et
924 1719 1018 1773 22,
1056 1722 1119 1764 De
1156 1721 1320 1765 Castro
1365 1717 1418 1763 de
1455 1718 1594 1779 justa
1643 1717 1987 1764 baereticorum

226 1797 500 1859 punitione,
534 1806 579 1845 et
613 1800 825 1845 Natalem
862 1800 1178 1846 Alexandrum
1215 1798 1328 1845 diss.
1368 1800 1395 1844 3
1434 1799 1486 1844 in
1521 1813 1745 1845 canonem
1779 1799 1827 1845 3.
1865 1800 1988 1845 Con-

237 1878 343 1925 cilii
378 1880 710 1927 Lateranensis
744 1882 813 1929 IV
842 1880 955 1928 hist.
991 1880 1147 1927 eccles·
1185 1895 1304 1927 saec.
1340 1880 1466 1927 XIII
1497 1887 1539 1927 et
1576 1882 1704 1929 XIV.

1019 2081 1064 2159 §-
1114 2090 1205 2144 12.

577 2260 657 2305 Ill.
698 2262 773 2306 EX
812 2262 1024 2307 INDOLE
1064 2261 1640 2308 RERUMPUBLICARUM

321 2434 496 2491 Tertio
541 2436 754 2510 deniqne
799 2450 1076 2511 opponunt,
1106 2449 1404 2512 potestatem
1449 2438 1614 2493 civilis
1660 2435 1867 2511 Imperii
1912 2455 1974 2490 ex

245 2533 469 2586 omnium
529 2534 752 2602 gentium
812 2551 1056 2587 consensu
1105 2550 1358 2586 summam
1402 2552 1545 2588 esse:
1593 2550 1656 2587 ex
1701 2551 1801 2604 quo
1845 2531 1975 2587 illud

244 2624 482 2694 inferunt,
510 2626 645 2698 quod
688 2638 906 2700 potestas
950 2625 1206 2682 Ecclesiae
1249 2647 1337 2682 nec
1381 2627 1465 2696 sit,
1495 2646 1582 2682 nec
1627 2645 1824 2681 summa
1867 2645 1975 2681 esse

243 2721 423 2791 possit,
458 2720 571 2776 ideo
606 2721 741 2793 quod
786 2720 885 2776 (luo
927 2722 978 2776 in
1021 2720 1195 2775 eadem
1240 2723 1441 2775 civitate
1486 2720 1705 2794 Imperia
1750 2739 1969 2789 summa,

244 2815 671 2884 quemadmodum
733 2817 784 2871 in
844 2816 1020 2871 codem
1079 2835 1288 2889 corpore
1349 2815 1449 2871 duo
1510 2816 1713 2889 capita,
1768 2816 1973 2870 omnino

246 2923 542 2982 repugnant.
606 2911 848 2983 Addunt,
894 2914 1171 2970 maximam
1216 2930 1381 2968 rerum
1427 2910 1773 2969 confusionem
1818 2912 1975 2968 oritu-
