<?xml version="1.0" encoding="UTF-8"?>
<!DOCTYPE html PUBLIC "-//W3C//DTD XHTML 1.0 Transitional//EN"
    "http://www.w3.org/TR/xhtml1/DTD/xhtml1-transitional.dtd">
<html xmlns="http://www.w3.org/1999/xhtml" xml:lang="en" lang="en">
 <head>
  <title>
</title>
<meta http-equiv="Content-Type" content="text/html;charset=utf-8" />
  <meta name='ocr-system' content='tesseract 3.04.00' />
  <meta name='ocr-capabilities' content='ocr_page ocr_carea ocr_par ocr_line ocrx_word'/>
</head>
<body>
  <div class='ocr_page' id='page_1' title='image "./joanniscardinali00sogl_0305.png"; bbox 0 0 2114 3289; ppageno 0'>
   <div class='ocr_carea' id='block_1_1' title="bbox 364 118 1742 196">
    <p class='ocr_par' dir='ltr' id='par_1_1' title="bbox 364 118 1742 196">
     <span class='ocr_line' id='line_1_1' title="bbox 364 118 1742 196; baseline -0.006 -17"><span class='ocrx_word' id='word_1_1' title='bbox 364 118 407 196; x_wconf 63' lang='lat'>§-</span> <span class='ocrx_word' id='word_1_2' title='bbox 438 141 624 179; x_wconf 81' lang='lat' dir='ltr'>xxxm.</span> <span class='ocrx_word' id='word_1_3' title='bbox 653 141 715 176; x_wconf 86' lang='lat' dir='ltr'>DE</span> <span class='ocrx_word' id='word_1_4' title='bbox 743 141 863 175; x_wconf 77' lang='lat' dir='ltr'>JURE</span> <span class='ocrx_word' id='word_1_5' title='bbox 892 140 1088 176; x_wconf 79' lang='lat' dir='ltr'><strong>GASUUM</strong></span> <span class='ocrx_word' id='word_1_6' title='bbox 1117 131 1558 175; x_wconf 69' lang='lat' dir='ltr'><strong>RESERVANDORUM</strong></span> <span class='ocrx_word' id='word_1_7' title='bbox 1636 120 1742 173; x_wconf 88' lang='lat'>131</span> 
     </span>
    </p>
   </div>
   <div class='ocr_carea' id='block_1_2' title="bbox 100 239 1838 2971">
    <p class='ocr_par' dir='ltr' id='par_1_2' title="bbox 100 239 1838 2284">
     <span class='ocr_line' id='line_1_2' title="bbox 190 239 1829 314; baseline -0.005 -11"><span class='ocrx_word' id='word_1_8' title='bbox 190 245 466 303; x_wconf 85' lang='lat' dir='ltr'>Febronius</span> <span class='ocrx_word' id='word_1_9' title='bbox 511 244 573 299; x_wconf 91' lang='lat' dir='ltr'>de</span> <span class='ocrx_word' id='word_1_10' title='bbox 616 242 761 300; x_wconf 83' lang='lat' dir='ltr'>Statu</span> <span class='ocrx_word' id='word_1_11' title='bbox 822 241 1076 297; x_wconf 83' lang='lat' dir='ltr'>Ecclesiae</span> <span class='ocrx_word' id='word_1_12' title='bbox 1136 241 1224 298; x_wconf 91' lang='lat' dir='ltr'>lib.</span> <span class='ocrx_word' id='word_1_13' title='bbox 1272 239 1339 297; x_wconf 93' lang='grc' dir='ltr'>ΙΙ.</span> <span class='ocrx_word' id='word_1_14' title='bbox 1384 258 1501 314; x_wconf 82' lang='lat' dir='ltr'>pag.</span> <span class='ocrx_word' id='word_1_15' title='bbox 1552 241 1662 295; x_wconf 76' lang='lat'>283</span> <span class='ocrx_word' id='word_1_16' title='bbox 1708 239 1829 296; x_wconf 88' lang='lat' dir='ltr'>edit.</span> 
     </span>
     <span class='ocr_line' id='line_1_3' title="bbox 111 333 1828 412; baseline -0.005 -15"><span class='ocrx_word' id='word_1_17' title='bbox 111 340 344 397; x_wconf 74' lang='lat' dir='ltr'>Francos.</span> <span class='ocrx_word' id='word_1_18' title='bbox 397 351 443 394; x_wconf 91' lang='lat' dir='ltr'>et</span> <span class='ocrx_word' id='word_1_19' title='bbox 503 335 707 412; x_wconf 81' lang='lat' dir='ltr'>Lipsiae</span> <span class='ocrx_word' id='word_1_20' title='bbox 766 355 846 394; x_wconf 80' lang='lat' dir='ltr'>an.</span> <span class='ocrx_word' id='word_1_21' title='bbox 897 337 1046 389; x_wconf 80' lang='lat'>1770</span> <span class='ocrx_word' id='word_1_22' title='bbox 1108 355 1164 390; x_wconf 86' lang='lat' dir='ltr'>ea</span> <span class='ocrx_word' id='word_1_23' title='bbox 1224 354 1323 408; x_wconf 84' lang='lat' dir='ltr'>qua</span> <span class='ocrx_word' id='word_1_24' title='bbox 1383 333 1508 391; x_wconf 89' lang='lat' dir='ltr'>solet</span> <span class='ocrx_word' id='word_1_25' title='bbox 1569 334 1828 390; x_wconf 84' lang='lat' dir='ltr'>asserendi</span> 
     </span>
     <span class='ocr_line' id='line_1_4' title="bbox 108 429 1836 506; baseline -0.005 -15"><span class='ocrx_word' id='word_1_26' title='bbox 108 435 320 492; x_wconf 82' lang='lat' dir='ltr'>audacia</span> <span class='ocrx_word' id='word_1_27' title='bbox 364 432 605 506; x_wconf 73' lang='lat' dir='ltr'>PapaleS,</span> <span class='ocrx_word' id='word_1_28' title='bbox 650 433 833 505; x_wconf 75' lang='lat' dir='ltr'>inquit,</span> <span class='ocrx_word' id='word_1_29' title='bbox 875 430 1220 503; x_wconf 81' lang='lat' dir='ltr'>quorumdam</span> <span class='ocrx_word' id='word_1_30' title='bbox 1280 429 1559 484; x_wconf 82' lang='lat' dir='ltr'>criminum</span> <span class='ocrx_word' id='word_1_31' title='bbox 1607 445 1836 483; x_wconf 76' lang='lat' dir='ltr'>reserva-</span> 
     </span>
     <span class='ocr_line' id='line_1_5' title="bbox 106 523 1834 598; baseline -0.005 -14"><span class='ocrx_word' id='word_1_32' title='bbox 106 529 266 584; x_wconf 86' lang='lat' dir='ltr'>tiones</span> <span class='ocrx_word' id='word_1_33' title='bbox 306 546 450 582; x_wconf 84' lang='lat' dir='ltr'>suam</span> <span class='ocrx_word' id='word_1_34' title='bbox 500 527 755 598; x_wconf 75' lang='lat' dir='ltr'>oriqinem</span> <span class='ocrx_word' id='word_1_35' title='bbox 815 536 860 580; x_wconf 91' lang='lat' dir='ltr'>et</span> <span class='ocrx_word' id='word_1_36' title='bbox 917 525 1313 598; x_wconf 80' lang='lat' dir='ltr'>fundamentum</span> <span class='ocrx_word' id='word_1_37' title='bbox 1372 525 1555 579; x_wconf 82' lang='lat' dir='ltr'>habent</span> <span class='ocrx_word' id='word_1_38' title='bbox 1613 542 1718 578; x_wconf 87' lang='lat' dir='ltr'>non</span> <span class='ocrx_word' id='word_1_39' title='bbox 1775 523 1834 577; x_wconf 89' lang='lat' dir='ltr'>in</span> 
     </span>
     <span class='ocr_line' id='line_1_6' title="bbox 100 617 1835 698; baseline -0.002 -21"><span class='ocrx_word' id='word_1_40' title='bbox 100 624 227 698; x_wconf 84' lang='lat' dir='ltr'>jure</span> <span class='ocrx_word' id='word_1_41' title='bbox 269 623 468 690; x_wconf 76' lang='lat' dir='ltr'>divinO,</span> <span class='ocrx_word' id='word_1_42' title='bbox 500 633 545 676; x_wconf 89' lang='lat' dir='ltr'>et</span> <span class='ocrx_word' id='word_1_43' title='bbox 579 621 824 694; x_wconf 75' lang='lat' dir='ltr'>prooeime</span> <span class='ocrx_word' id='word_1_44' title='bbox 866 638 899 674; x_wconf 90' lang='lat' dir='ltr'>a</span> <span class='ocrx_word' id='word_1_45' title='bbox 941 619 1162 687; x_wconf 73' lang='lat' dir='ltr'>Christo,</span> <span class='ocrx_word' id='word_1_46' title='bbox 1195 617 1283 673; x_wconf 79' lang='lat' dir='ltr'>sed</span> <span class='ocrx_word' id='word_1_47' title='bbox 1324 619 1382 673; x_wconf 89' lang='lat' dir='ltr'>in</span> <span class='ocrx_word' id='word_1_48' title='bbox 1425 636 1666 673; x_wconf 85' lang='lat' dir='ltr'>consensu</span> <span class='ocrx_word' id='word_1_49' title='bbox 1709 618 1835 691; x_wconf 90' lang='lat' dir='ltr'>Epi-</span> 
     </span>
     <span class='ocr_line' id='line_1_7' title="bbox 105 712 1833 790; baseline -0.002 -19"><span class='ocrx_word' id='word_1_50' title='bbox 105 735 370 790; x_wconf 75' lang='lat' dir='ltr'>scoporuin</span> <span class='ocrx_word' id='word_1_51' title='bbox 414 728 459 772; x_wconf 90' lang='lat' dir='ltr'>et</span> <span class='ocrx_word' id='word_1_52' title='bbox 501 715 804 771; x_wconf 88' lang='lat' dir='ltr'>auctoritate</span> <span class='ocrx_word' id='word_1_53' title='bbox 832 714 1115 784; x_wconf 73' lang='lat' dir='ltr'>Ecclesia63</span> <span class='ocrx_word' id='word_1_54' title='bbox 1157 712 1413 785; x_wconf 79' lang='lat' dir='ltr'>siquidem</span> <span class='ocrx_word' id='word_1_55' title='bbox 1449 713 1689 786; x_wconf 86' lang='lat' dir='ltr'>pluribus</span> <span class='ocrx_word' id='word_1_56' title='bbox 1725 730 1833 767; x_wconf 87' lang='lat' dir='ltr'>sae-</span> 
     </span>
     <span class='ocr_line' id='line_1_8' title="bbox 106 807 1834 884; baseline -0.003 -18"><span class='ocrx_word' id='word_1_57' title='bbox 106 812 233 866; x_wconf 80' lang='lat' dir='ltr'>culis</span> <span class='ocrx_word' id='word_1_58' title='bbox 268 829 422 884; x_wconf 86' lang='lat' dir='ltr'>penes</span> <span class='ocrx_word' id='word_1_59' title='bbox 464 811 736 883; x_wconf 81' lang='lat' dir='ltr'>Episcopos</span> <span class='ocrx_word' id='word_1_60' title='bbox 777 809 878 882; x_wconf 76' lang='lat' dir='ltr'>fuit</span> <span class='ocrx_word' id='word_1_61' title='bbox 912 808 1070 881; x_wconf 86' lang='lat' dir='ltr'>plena</span> <span class='ocrx_word' id='word_1_62' title='bbox 1114 819 1160 863; x_wconf 92' lang='lat' dir='ltr'>et</span> <span class='ocrx_word' id='word_1_63' title='bbox 1203 808 1501 862; x_wconf 83' lang='lat' dir='ltr'>omnimoda</span> <span class='ocrx_word' id='word_1_64' title='bbox 1552 807 1834 862; x_wconf 77' lang='lat' dir='ltr'>auctoritas</span> 
     </span>
     <span class='ocr_line' id='line_1_9' title="bbox 105 902 1834 978; baseline -0.004 -17"><span class='ocrx_word' id='word_1_65' title='bbox 105 906 399 961; x_wconf 79' lang='lat' dir='ltr'>absolvendi</span> <span class='ocrx_word' id='word_1_66' title='bbox 440 906 498 960; x_wconf 90' lang='lat' dir='ltr'>in</span> <span class='ocrx_word' id='word_1_67' title='bbox 536 906 649 978; x_wconf 81' lang='lat' dir='ltr'>foro</span> <span class='ocrx_word' id='word_1_68' title='bbox 683 903 1047 977; x_wconf 78' lang='lat' dir='ltr'>poenitentiali</span> <span class='ocrx_word' id='word_1_69' title='bbox 1090 902 1455 977; x_wconf 79' lang='lat' dir='ltr'>cujuscumque</span> <span class='ocrx_word' id='word_1_70' title='bbox 1506 902 1834 973; x_wconf 78' lang='lat' dir='ltr'>quantumvis</span> 
     </span>
     <span class='ocr_line' id='line_1_10' title="bbox 104 997 1835 1071; baseline -0.004 -15"><span class='ocrx_word' id='word_1_71' title='bbox 104 1002 327 1056; x_wconf 82' lang='lat' dir='ltr'>enormis</span> <span class='ocrx_word' id='word_1_72' title='bbox 368 1000 569 1055; x_wconf 84' lang='lat' dir='ltr'>sceleris</span> <span class='ocrx_word' id='word_1_73' title='bbox 611 1017 753 1066; x_wconf 75' lang='lat' dir='ltr'>reoS,</span> <span class='ocrx_word' id='word_1_74' title='bbox 798 1016 956 1071; x_wconf 81' lang='lat' dir='ltr'>neque</span> <span class='ocrx_word' id='word_1_75' title='bbox 999 997 1066 1052; x_wconf 84' lang='lat' dir='ltr'>iis</span> <span class='ocrx_word' id='word_1_76' title='bbox 1107 997 1322 1052; x_wconf 81' lang='lat' dir='ltr'>saeculis</span> <span class='ocrx_word' id='word_1_77' title='bbox 1363 997 1475 1052; x_wconf 84' lang='lat' dir='ltr'>ulla</span> <span class='ocrx_word' id='word_1_78' title='bbox 1519 1007 1630 1052; x_wconf 92' lang='lat' dir='ltr'>erat</span> <span class='ocrx_word' id='word_1_79' title='bbox 1670 1013 1835 1051; x_wconf 84' lang='lat' dir='ltr'>reser-</span> 
     </span>
     <span class='ocr_line' id='line_1_11' title="bbox 107 1091 1836 1170; baseline -0.003 -19"><span class='ocrx_word' id='word_1_80' title='bbox 107 1097 244 1151; x_wconf 76' lang='lat' dir='ltr'>vatio</span> <span class='ocrx_word' id='word_1_81' title='bbox 264 1095 471 1170; x_wconf 81' lang='lat' dir='ltr'>papalis</span> <span class='ocrx_word' id='word_1_82' title='bbox 496 1096 555 1150; x_wconf 89' lang='lat' dir='ltr'>in</span> <span class='ocrx_word' id='word_1_83' title='bbox 595 1095 706 1166; x_wconf 78' lang='lat' dir='ltr'>foro</span> <span class='ocrx_word' id='word_1_84' title='bbox 748 1093 840 1148; x_wconf 86' lang='lat' dir='ltr'>illo</span> <span class='ocrx_word' id='word_1_85' title='bbox 874 1093 1240 1166; x_wconf 75' lang='lat' dir='ltr'>poenitentiali</span> <span class='ocrx_word' id='word_1_86' title='bbox 1283 1103 1422 1148; x_wconf 91' lang='lat' dir='ltr'>nota.</span> <span class='ocrx_word' id='word_1_87' title='bbox 1468 1095 1534 1146; x_wconf 88' lang='lat' dir='ltr'>At</span> <span class='ocrx_word' id='word_1_88' title='bbox 1564 1091 1704 1146; x_wconf 84' lang='lat' dir='ltr'>circa</span> <span class='ocrx_word' id='word_1_89' title='bbox 1729 1109 1836 1145; x_wconf 82' lang='lat' dir='ltr'>sae-</span> 
     </span>
     <span class='ocr_line' id='line_1_12' title="bbox 103 1186 1836 1262; baseline -0.003 -16"><span class='ocrx_word' id='word_1_90' title='bbox 103 1191 275 1246; x_wconf 84' lang='lat' dir='ltr'>culum</span> <span class='ocrx_word' id='word_1_91' title='bbox 316 1189 647 1245; x_wconf 84' lang='lat' dir='ltr'>undecimum</span> <span class='ocrx_word' id='word_1_92' title='bbox 688 1199 960 1261; x_wconf 83' lang='lat' dir='ltr'>coeperunt</span> <span class='ocrx_word' id='word_1_93' title='bbox 1001 1188 1242 1262; x_wconf 77' lang='lat' dir='ltr'>Episcopi</span> <span class='ocrx_word' id='word_1_94' title='bbox 1283 1188 1385 1260; x_wconf 83' lang='lat' dir='ltr'>ipsi</span> <span class='ocrx_word' id='word_1_95' title='bbox 1420 1186 1695 1241; x_wconf 86' lang='lat' dir='ltr'>nonnullos</span> <span class='ocrx_word' id='word_1_96' title='bbox 1718 1203 1836 1258; x_wconf 72' lang='lat' dir='ltr'>yra-</span> 
     </span>
     <span class='ocr_line' id='line_1_13' title="bbox 102 1281 1832 1355; baseline -0.004 -15"><span class='ocrx_word' id='word_1_97' title='bbox 102 1286 308 1340; x_wconf 81' lang='lat' dir='ltr'>viorum</span> <span class='ocrx_word' id='word_1_98' title='bbox 367 1284 648 1339; x_wconf 84' lang='lat' dir='ltr'>criminum</span> <span class='ocrx_word' id='word_1_99' title='bbox 705 1301 817 1338; x_wconf 83' lang='lat' dir='ltr'>reos</span> <span class='ocrx_word' id='word_1_100' title='bbox 857 1283 929 1337; x_wconf 85' lang='lat' dir='ltr'>ad</span> <span class='ocrx_word' id='word_1_101' title='bbox 973 1283 1159 1338; x_wconf 82' lang='lat' dir='ltr'>Sedem</span> <span class='ocrx_word' id='word_1_102' title='bbox 1200 1281 1546 1355; x_wconf 84' lang='lat' dir='ltr'>Apostolicam</span> <span class='ocrx_word' id='word_1_103' title='bbox 1586 1281 1788 1335; x_wconf 81' lang='lat' dir='ltr'>mittere</span> <span class='ocrx_word' id='word_1_104' title='bbox 1810 1301 1832 1350; x_wconf 74' lang='grc'>,-</span> 
     </span>
     <span class='ocr_line' id='line_1_14' title="bbox 103 1375 1838 1452; baseline -0.005 -17"><span class='ocrx_word' id='word_1_105' title='bbox 103 1381 258 1452; x_wconf 80' lang='lat' dir='ltr'>idque</span> <span class='ocrx_word' id='word_1_106' title='bbox 301 1379 380 1434; x_wconf 78' lang='lat' dir='ltr'>vel</span> <span class='ocrx_word' id='word_1_107' title='bbox 421 1389 478 1433; x_wconf 87' lang='lat' dir='ltr'>ut</span> <span class='ocrx_word' id='word_1_108' title='bbox 517 1396 551 1433; x_wconf 91' lang='lat' dir='ltr'>a</span> <span class='ocrx_word' id='word_1_109' title='bbox 592 1377 840 1450; x_wconf 80' lang='lat' dir='ltr'>Pontifice</span> <span class='ocrx_word' id='word_1_110' title='bbox 882 1375 1368 1443; x_wconf 77' lang='lat' dir='ltr'>reconciliarentur,</span> <span class='ocrx_word' id='word_1_111' title='bbox 1404 1375 1482 1430; x_wconf 74' lang='lat' dir='ltr'>cel</span> <span class='ocrx_word' id='word_1_112' title='bbox 1522 1384 1580 1428; x_wconf 87' lang='lat' dir='ltr'>ut</span> <span class='ocrx_word' id='word_1_113' title='bbox 1621 1393 1653 1428; x_wconf 90' lang='lat' dir='ltr'>a</span> <span class='ocrx_word' id='word_1_114' title='bbox 1696 1376 1838 1429; x_wconf 89' lang='lat' dir='ltr'>Pon-</span> 
     </span>
     <span class='ocr_line' id='line_1_15' title="bbox 103 1469 1836 1548; baseline -0.004 -18"><span class='ocrx_word' id='word_1_115' title='bbox 103 1475 233 1548; x_wconf 83' lang='lat' dir='ltr'>tifice</span> <span class='ocrx_word' id='word_1_116' title='bbox 285 1472 608 1547; x_wconf 87' lang='lat' dir='ltr'>poenitentia</span> <span class='ocrx_word' id='word_1_117' title='bbox 656 1472 1006 1545; x_wconf 85' lang='lat' dir='ltr'>imponeretur</span> <span class='ocrx_word' id='word_1_118' title='bbox 1024 1513 1045 1539; x_wconf 61' lang='lat'>2</span> <span class='ocrx_word' id='word_1_119' title='bbox 1090 1488 1191 1542; x_wconf 81' lang='lat' dir='ltr'>qua</span> <span class='ocrx_word' id='word_1_120' title='bbox 1234 1471 1441 1525; x_wconf 82' lang='lat' dir='ltr'>demum</span> <span class='ocrx_word' id='word_1_121' title='bbox 1475 1480 1727 1542; x_wconf 58' lang='lat' dir='ltr'>peractaj</span> <span class='ocrx_word' id='word_1_122' title='bbox 1772 1469 1836 1524; x_wconf 92' lang='lat' dir='ltr'>ab</span> 
     </span>
     <span class='ocr_line' id='line_1_16' title="bbox 102 1563 1838 1643; baseline -0.003 -19"><span class='ocrx_word' id='word_1_123' title='bbox 102 1569 368 1643; x_wconf 84' lang='lat' dir='ltr'>Episcopis</span> <span class='ocrx_word' id='word_1_124' title='bbox 409 1567 809 1624; x_wconf 79' lang='lat' dir='ltr'>absolverentur.</span> <span class='ocrx_word' id='word_1_125' title='bbox 854 1568 959 1623; x_wconf 87' lang='lat' dir='ltr'>Nec</span> <span class='ocrx_word' id='word_1_126' title='bbox 1001 1577 1202 1622; x_wconf 80' lang='lat' dir='ltr'>tantum</span> <span class='ocrx_word' id='word_1_127' title='bbox 1235 1566 1293 1621; x_wconf 86' lang='lat' dir='ltr'>in</span> <span class='ocrx_word' id='word_1_128' title='bbox 1318 1563 1635 1638; x_wconf 87' lang='lat' dir='ltr'>particulari</span> <span class='ocrx_word' id='word_1_129' title='bbox 1660 1564 1838 1637; x_wconf 80' lang='lat' dir='ltr'>aliquo</span> 
     </span>
     <span class='ocr_line' id='line_1_17' title="bbox 103 1659 1837 1737; baseline -0.003 -19"><span class='ocrx_word' id='word_1_130' title='bbox 103 1682 223 1718; x_wconf 84' lang='lat' dir='ltr'>casu</span> <span class='ocrx_word' id='word_1_131' title='bbox 273 1664 590 1737; x_wconf 83' lang='lat' dir='ltr'>poenitentes</span> <span class='ocrx_word' id='word_1_132' title='bbox 649 1662 720 1717; x_wconf 91' lang='lat' dir='ltr'>ad</span> <span class='ocrx_word' id='word_1_133' title='bbox 777 1661 961 1718; x_wconf 84' lang='lat' dir='ltr'>Sedem</span> <span class='ocrx_word' id='word_1_134' title='bbox 1014 1660 1358 1734; x_wconf 81' lang='lat' dir='ltr'>Apostolicam</span> <span class='ocrx_word' id='word_1_135' title='bbox 1400 1659 1704 1727; x_wconf 75' lang='lat' dir='ltr'>mittebant,</span> <span class='ocrx_word' id='word_1_136' title='bbox 1748 1659 1837 1714; x_wconf 81' lang='lat' dir='ltr'>sed</span> 
     </span>
     <span class='ocr_line' id='line_1_18' title="bbox 102 1753 1837 1828; baseline -0.002 -17"><span class='ocrx_word' id='word_1_137' title='bbox 102 1758 316 1813; x_wconf 83' lang='lat' dir='ltr'>subinde</span> <span class='ocrx_word' id='word_1_138' title='bbox 360 1757 516 1813; x_wconf 84' lang='lat' dir='ltr'>etiam</span> <span class='ocrx_word' id='word_1_139' title='bbox 557 1755 788 1828; x_wconf 64' lang='lat' dir='ltr'>generali</span> <span class='ocrx_word' id='word_1_140' title='bbox 831 1757 1032 1810; x_wconf 91' lang='lat' dir='ltr'>decreto</span> <span class='ocrx_word' id='word_1_141' title='bbox 1074 1754 1303 1828; x_wconf 83' lang='lat' dir='ltr'>alicujus</span> <span class='ocrx_word' id='word_1_142' title='bbox 1336 1753 1572 1808; x_wconf 86' lang='lat' dir='ltr'>cri-minis</span> <span class='ocrx_word' id='word_1_143' title='bbox 1597 1771 1708 1808; x_wconf 86' lang='lat' dir='ltr'>reos</span> <span class='ocrx_word' id='word_1_144' title='bbox 1733 1772 1837 1809; x_wconf 86' lang='lat' dir='ltr'>non</span> 
     </span>
     <span class='ocr_line' id='line_1_19' title="bbox 102 1848 1835 1925; baseline -0.003 -18"><span class='ocrx_word' id='word_1_145' title='bbox 102 1853 164 1908; x_wconf 90' lang='lat' dir='ltr'>ab</span> <span class='ocrx_word' id='word_1_146' title='bbox 223 1852 488 1925; x_wconf 84' lang='lat' dir='ltr'>Episcopis</span> <span class='ocrx_word' id='word_1_147' title='bbox 547 1861 638 1905; x_wconf 87' lang='lat' dir='ltr'>aut</span> <span class='ocrx_word' id='word_1_148' title='bbox 693 1848 1138 1923; x_wconf 75' lang='lat' dir='ltr'>ArchiepiscopiS,</span> <span class='ocrx_word' id='word_1_149' title='bbox 1201 1849 1288 1903; x_wconf 85' lang='lat' dir='ltr'>sed</span> <span class='ocrx_word' id='word_1_150' title='bbox 1339 1867 1370 1902; x_wconf 91' lang='lat' dir='ltr'>a</span> <span class='ocrx_word' id='word_1_151' title='bbox 1421 1848 1525 1902; x_wconf 80' lang='lat' dir='ltr'>solo</span> <span class='ocrx_word' id='word_1_152' title='bbox 1586 1848 1835 1920; x_wconf 83' lang='lat' dir='ltr'>Pontifice</span> 
     </span>
     <span class='ocr_line' id='line_1_20' title="bbox 102 1942 1835 2015; baseline -0.003 -13"><span class='ocrx_word' id='word_1_153' title='bbox 102 1947 430 2002; x_wconf 84' lang='lat' dir='ltr'>absolvendos</span> <span class='ocrx_word' id='word_1_154' title='bbox 487 1944 841 2002; x_wconf 82' lang='lat' dir='ltr'>decernebant.</span> <span class='ocrx_word' id='word_1_155' title='bbox 905 1947 1017 1998; x_wconf 88' lang='lat' dir='ltr'>Hoc</span> <span class='ocrx_word' id='word_1_156' title='bbox 1075 1962 1194 1998; x_wconf 75' lang='lat' dir='ltr'>vero</span> <span class='ocrx_word' id='word_1_157' title='bbox 1254 1942 1347 1998; x_wconf 80' lang='lat' dir='ltr'>hac</span> <span class='ocrx_word' id='word_1_158' title='bbox 1395 1942 1598 1997; x_wconf 87' lang='lat' dir='ltr'>ratione</span> <span class='ocrx_word' id='word_1_159' title='bbox 1639 1943 1835 2015; x_wconf 74' lang='lat' dir='ltr'>factum</span> 
     </span>
     <span class='ocr_line' id='line_1_21' title="bbox 101 2037 1836 2111; baseline -0.003 -15"><span class='ocrx_word' id='word_1_160' title='bbox 101 2041 344 2109; x_wconf 77' lang='lat' dir='ltr'>videtur,</span> <span class='ocrx_word' id='word_1_161' title='bbox 397 2051 455 2094; x_wconf 91' lang='lat' dir='ltr'>ut</span> <span class='ocrx_word' id='word_1_162' title='bbox 506 2038 599 2094; x_wconf 79' lang='lat' dir='ltr'>hac</span> <span class='ocrx_word' id='word_1_163' title='bbox 640 2039 983 2095; x_wconf 84' lang='lat' dir='ltr'>reservatione</span> <span class='ocrx_word' id='word_1_164' title='bbox 1027 2037 1289 2111; x_wconf 80' lang='lat' dir='ltr'>difficilior</span> <span class='ocrx_word' id='word_1_165' title='bbox 1333 2048 1451 2092; x_wconf 80' lang='lat' dir='ltr'>esset</span> <span class='ocrx_word' id='word_1_166' title='bbox 1494 2037 1759 2091; x_wconf 88' lang='lat' dir='ltr'>obtinendi</span> <span class='ocrx_word' id='word_1_167' title='bbox 1802 2055 1836 2091; x_wconf 91' lang='lat' dir='ltr'>a</span> 
     </span>
     <span class='ocr_line' id='line_1_22' title="bbox 104 2131 1837 2205; baseline -0.002 -16"><span class='ocrx_word' id='word_1_168' title='bbox 104 2136 320 2191; x_wconf 84' lang='lat' dir='ltr'>crimine</span> <span class='ocrx_word' id='word_1_169' title='bbox 370 2135 632 2190; x_wconf 83' lang='lat' dir='ltr'>commisso</span> <span class='ocrx_word' id='word_1_170' title='bbox 676 2134 948 2200; x_wconf 75' lang='lat' dir='ltr'>absolutiO,</span> <span class='ocrx_word' id='word_1_171' title='bbox 991 2142 1142 2205; x_wconf 83' lang='lat' dir='ltr'>atque</span> <span class='ocrx_word' id='word_1_172' title='bbox 1186 2132 1280 2187; x_wconf 85' lang='lat' dir='ltr'>hac</span> <span class='ocrx_word' id='word_1_173' title='bbox 1324 2131 1618 2204; x_wconf 81' lang='lat' dir='ltr'>difficultate</span> <span class='ocrx_word' id='word_1_174' title='bbox 1662 2151 1695 2186; x_wconf 93' lang='lat' dir='ltr'>a</span> <span class='ocrx_word' id='word_1_175' title='bbox 1736 2132 1837 2186; x_wconf 85' lang='lat' dir='ltr'>cri-</span> 
     </span>
     <span class='ocr_line' id='line_1_23' title="bbox 102 2228 1090 2284; baseline -0.001 0"><span class='ocrx_word' id='word_1_176' title='bbox 102 2230 240 2284; x_wconf 82' lang='lat' dir='ltr'>mine</span> <span class='ocrx_word' id='word_1_177' title='bbox 283 2229 642 2284; x_wconf 83' lang='lat' dir='ltr'>committendo</span> <span class='ocrx_word' id='word_1_178' title='bbox 683 2228 1090 2283; x_wconf 81' lang='lat' dir='ltr'>retraherentur.</span> 
     </span>
    </p>

    <p class='ocr_par' dir='ltr' id='par_1_3' title="bbox 102 2318 1832 2971">
     <span class='ocr_line' id='line_1_24' title="bbox 181 2318 1830 2381; baseline -0.002 -2"><span class='ocrx_word' id='word_1_179' title='bbox 181 2324 294 2381; x_wconf 86' lang='lat' dir='ltr'>Duo</span> <span class='ocrx_word' id='word_1_180' title='bbox 338 2325 420 2379; x_wconf 91' lang='lat' dir='ltr'>hic</span> <span class='ocrx_word' id='word_1_181' title='bbox 464 2323 680 2380; x_wconf 78' lang='lat' dir='ltr'>affirmat</span> <span class='ocrx_word' id='word_1_182' title='bbox 721 2321 1019 2379; x_wconf 87' lang='lat' dir='ltr'>Febronius.</span> <span class='ocrx_word' id='word_1_183' title='bbox 1073 2318 1306 2377; x_wconf 81' lang='lat' dir='ltr'>Primum</span> <span class='ocrx_word' id='word_1_184' title='bbox 1349 2333 1423 2376; x_wconf 87' lang='lat' dir='ltr'>est</span> <span class='ocrx_word' id='word_1_185' title='bbox 1467 2322 1830 2377; x_wconf 82' lang='lat' dir='ltr'>reservationes</span> 
     </span>
     <span class='ocr_line' id='line_1_25' title="bbox 102 2414 1831 2494; baseline -0.003 -19"><span class='ocrx_word' id='word_1_186' title='bbox 102 2420 307 2494; x_wconf 83' lang='lat' dir='ltr'>papales</span> <span class='ocrx_word' id='word_1_187' title='bbox 350 2420 485 2475; x_wconf 84' lang='lat' dir='ltr'>circa</span> <span class='ocrx_word' id='word_1_188' title='bbox 527 2418 780 2474; x_wconf 84' lang='lat' dir='ltr'>saeculum</span> <span class='ocrx_word' id='word_1_189' title='bbox 826 2417 1145 2472; x_wconf 87' lang='lat' dir='ltr'>undecimum</span> <span class='ocrx_word' id='word_1_190' title='bbox 1187 2435 1249 2471; x_wconf 82' lang='lat' dir='ltr'>ex</span> <span class='ocrx_word' id='word_1_191' title='bbox 1291 2414 1424 2472; x_wconf 83' lang='lat' dir='ltr'>facto</span> <span class='ocrx_word' id='word_1_192' title='bbox 1458 2415 1831 2489; x_wconf 82' lang='lat' dir='ltr'>Episcoporum</span> 
     </span>
     <span class='ocr_line' id='line_1_26' title="bbox 105 2511 1832 2585; baseline -0.004 -15"><span class='ocrx_word' id='word_1_193' title='bbox 105 2516 351 2585; x_wconf 84' lang='lat' dir='ltr'>originem</span> <span class='ocrx_word' id='word_1_194' title='bbox 394 2514 635 2569; x_wconf 83' lang='lat' dir='ltr'>duxisse:</span> <span class='ocrx_word' id='word_1_195' title='bbox 680 2512 968 2568; x_wconf 86' lang='lat' dir='ltr'>addendum</span> <span class='ocrx_word' id='word_1_196' title='bbox 1012 2523 1177 2567; x_wconf 86' lang='lat' dir='ltr'>tamen</span> <span class='ocrx_word' id='word_1_197' title='bbox 1221 2523 1346 2581; x_wconf 76' lang='lat' dir='ltr'>erat,</span> <span class='ocrx_word' id='word_1_198' title='bbox 1392 2511 1562 2582; x_wconf 80' lang='lat' dir='ltr'>aliqua</span> <span class='ocrx_word' id='word_1_199' title='bbox 1608 2527 1832 2564; x_wconf 84' lang='lat' dir='ltr'>reserva-</span> 
     </span>
     <span class='ocr_line' id='line_1_27' title="bbox 103 2605 1830 2683; baseline -0.001 -21"><span class='ocrx_word' id='word_1_200' title='bbox 103 2611 294 2665; x_wconf 87' lang='lat' dir='ltr'>tionum</span> <span class='ocrx_word' id='word_1_201' title='bbox 336 2609 566 2683; x_wconf 78' lang='lat' dir='ltr'>exempla</span> <span class='ocrx_word' id='word_1_202' title='bbox 608 2608 755 2678; x_wconf 85' lang='lat' dir='ltr'>longe</span> <span class='ocrx_word' id='word_1_203' title='bbox 796 2619 908 2662; x_wconf 86' lang='lat' dir='ltr'>ante</span> <span class='ocrx_word' id='word_1_204' title='bbox 951 2607 1205 2663; x_wconf 85' lang='lat' dir='ltr'>saeculum</span> <span class='ocrx_word' id='word_1_205' title='bbox 1247 2605 1569 2661; x_wconf 85' lang='lat' dir='ltr'>undecimum</span> <span class='ocrx_word' id='word_1_206' title='bbox 1598 2606 1830 2678; x_wconf 77' lang='lat' dir='ltr'>reperiri.</span> 
     </span>
     <span class='ocr_line' id='line_1_28' title="bbox 107 2698 1830 2774; baseline -0.002 -18"><span class='ocrx_word' id='word_1_207' title='bbox 107 2702 330 2759; x_wconf 79' lang='lat' dir='ltr'>Alterum</span> <span class='ocrx_word' id='word_1_208' title='bbox 374 2716 447 2760; x_wconf 88' lang='lat' dir='ltr'>est</span> <span class='ocrx_word' id='word_1_209' title='bbox 479 2701 773 2774; x_wconf 86' lang='lat' dir='ltr'>hujusmodi</span> <span class='ocrx_word' id='word_1_210' title='bbox 806 2701 1232 2758; x_wconf 82' lang='lat' dir='ltr'>reservationibus</span> <span class='ocrx_word' id='word_1_211' title='bbox 1259 2701 1487 2757; x_wconf 84' lang='lat' dir='ltr'>homines</span> <span class='ocrx_word' id='word_1_212' title='bbox 1516 2718 1544 2754; x_wconf 87' lang='lat' dir='ltr'>a</span> <span class='ocrx_word' id='word_1_213' title='bbox 1573 2698 1830 2773; x_wconf 82' lang='lat' dir='ltr'>peccando</span> 
     </span>
     <span class='ocr_line' id='line_1_29' title="bbox 105 2793 1824 2871; baseline -0.002 -21"><span class='ocrx_word' id='word_1_214' title='bbox 105 2795 362 2855; x_wconf 82' lang='lat' dir='ltr'>deterreri.</span> <span class='ocrx_word' id='word_1_215' title='bbox 407 2797 539 2854; x_wconf 84' lang='lat' dir='ltr'>Sane</span> <span class='ocrx_word' id='word_1_216' title='bbox 581 2797 740 2853; x_wconf 84' lang='lat' dir='ltr'>bene:</span> <span class='ocrx_word' id='word_1_217' title='bbox 786 2816 957 2853; x_wconf 80' lang='lat' dir='ltr'>verum</span> <span class='ocrx_word' id='word_1_218' title='bbox 999 2796 1091 2851; x_wconf 80' lang='lat' dir='ltr'>hoc</span> <span class='ocrx_word' id='word_1_219' title='bbox 1134 2797 1400 2871; x_wconf 80' lang='lat' dir='ltr'>confirmat</span> <span class='ocrx_word' id='word_1_220' title='bbox 1443 2793 1566 2847; x_wconf 84' lang='lat' dir='ltr'>tales</span> <span class='ocrx_word' id='word_1_221' title='bbox 1596 2810 1824 2847; x_wconf 82' lang='lat' dir='ltr'>reserva-</span> 
     </span>
     <span class='ocr_line' id='line_1_30' title="bbox 106 2888 1828 2971; baseline -0.001 -27"><span class='ocrx_word' id='word_1_222' title='bbox 106 2890 265 2946; x_wconf 81' lang='lat' dir='ltr'>tiones</span> <span class='ocrx_word' id='word_1_223' title='bbox 320 2910 422 2947; x_wconf 86' lang='lat' dir='ltr'>non</span> <span class='ocrx_word' id='word_1_224' title='bbox 462 2892 695 2965; x_wconf 73' lang='lat' dir='ltr'>injuste,</span> <span class='ocrx_word' id='word_1_225' title='bbox 740 2911 842 2949; x_wconf 88' lang='lat' dir='ltr'>non</span> <span class='ocrx_word' id='word_1_226' title='bbox 883 2892 1243 2964; x_wconf 78' lang='lat' dir='ltr'>fraudulenter</span> <span class='ocrx_word' id='word_1_227' title='bbox 1282 2889 1602 2971; x_wconf 75' lang='lat' dir='ltr'>introductas</span> <span class='ocrx_word' id='word_1_228' title='bbox 1641 2888 1828 2961; x_wconf 70' lang='lat' dir='ltr'>fuisse,</span> 
     </span>
    </p>
   </div>
  </div>
 </body>
</html>
