2114 3289
475 116 518 192 ὅ.
547 139 699 175 xx111.
731 140 790 174 DE
818 141 926 175 Juss.
957 141 1137 177 TUENm
1169 140 1311 176 SAGR.
1339 138 1570 176 GANONES
1742 128 1806 176 77

158 254 347 312 zanteS,
391 253 537 314 atque
597 241 723 297 alios
779 240 1150 298 Ecclesiastieis
1211 241 1408 313 legibus
1468 255 1801 316 repugnantes
1862 264 1891 301 a

168 334 392 405 Victore,
454 332 732 408 Stephano,
793 337 1068 409 ceterisque
1129 335 1465 392 Pontificibus
1525 347 1665 407 gesta
1725 332 1887 393 sunt?

163 428 283 498 Ille,
326 431 426 482 Leo
468 428 658 482 seilicet
701 429 952 501 Pontifex
995 431 1283 498 Romania,
1329 431 1399 484 ait
1440 424 1633 486 Auctor
1676 428 1880 487 DefenS.

160 524 528 580 Declarationis
562 523 696 581 Cler.
730 523 915 580 Gallie.
946 526 997 580 in
1024 523 1310 581 Corollario
1346 525 1411 581 ad
1440 525 1628 581 calcem
1654 526 1882 597 ejusdem

159 619 346 692 opem,
389 617 746 673 latrocinalem
789 618 1057 690 Synodum
1083 618 1252 673 valere
1279 636 1383 672 non
1410 628 1480 672 est
1503 637 1700 691 passus:
1727 619 1888 692 impe-

155 711 357 766 ratoria
393 722 638 783 potestate
680 712 871 785 fretum
913 713 1342 767 Alcman-drinum
1375 713 1684 767 Dioscorum
1709 714 1887 787 fregit,

156 806 229 860 ad
252 806 652 861 instaurandam
678 807 1020 878 coynitionem
1045 812 1424 880 Imperatorem
1441 808 1692 880 perpulit.
1739 809 1891 863 Chal-

156 901 451 956 cedonensis
486 902 687 974 Synodi
729 913 931 969 auctor)
960 921 1019 956 ac
1062 904 1249 958 deinde
1295 914 1538 958 eececutor
1581 905 1652 958 ad
1693 915 1889 959 consca-

154 995 440 1050 biliendum
499 1015 816 1051 communem
877 996 1134 1052 Ecclesiae
1188 997 1346 1070 fidem
1405 998 1599 1052 invicta
1651 998 1888 1071 potentia

153 1090 305 1146 stetit.
365 1090 565 1144 Eadem
625 1091 918 1162 exequendi
977 1091 1280 1147 auctoritate
1332 1092 1456 1164 freti
1507 1092 1780 1161 Gelasius,
1825 1111 1886 1148 ac

154 1183 341 1238 deinde
383 1184 583 1255 sequuti
625 1186 853 1239 Romani
896 1186 1169 1259 Pontifices
1211 1187 1455 1240 adversus
1497 1191 1844 1259 Imperatores
1862 1229 1884 1254 ,

154 1296 214 1331 ac
274 1278 468 1349 Reyiae
521 1279 663 1332 urbis
705 1279 971 1333 Antistites
1014 1281 1072 1334 in
1115 1280 1574 1334 Chalcedonensem
1616 1282 1886 1352 Synodum

153 1372 451 1426 rebellantes
494 1372 640 1426 nulla
681 1391 814 1426 nova
856 1374 1066 1444 Synodo
1108 1374 1346 1444 i·ndi9ere
1390 1392 1438 1428 se
1467 1375 1711 1447 professi,
1739 1386 1884 1430 tanta

153 1483 296 1537 eyere
343 1467 652 1540 confidentia
693 1478 935 1539 tantaque
979 1467 1062 1534 υἱ,
1105 1478 1163 1521 ut
1205 1471 1581 1541 Imperatores)
1626 1479 1882 1541 totamque

152 1561 456 1616 orientalem
515 1561 798 1616 Ecclesiam
857 1563 928 1616 ad
980 1563 1397 1617 condemnandos
1438 1564 1735 1636 perd-uelles
1776 1565 1885 1619 sola

144 1654 264 1728 jam
312 1655 461 1713 Sedis
502 1656 822 1728 Apostolicae
865 1657 1169 1711 auctoritate
1205 1658 1536 1730 perpulerint
1576 1693 1598 1701 -
1641 1663 1884 1715 Constan-

150 1749 483 1822 tinopolitani
527 1751 800 1805 Praesules
842 1751 950 1805 alta
992 1751 1275 1824 spirantes9
1319 1763 1366 1806 et
1406 1753 1720 1826 Principum
1761 1772 1883 1826 qra-

149 1844 227 1899 tia
265 1846 585 1917 ferocientes)
629 1856 676 1900 et
716 1865 749 1901 a
790 1847 1114 1902 Nestorianis
1157 1848 1528 1920 Acacianisque
1571 1850 1882 1923 temporibus

148 1939 404 1995 Ecclesiae
447 1958 665 2012 graves)
710 1950 974 2013 tamquam
1014 1942 1073 1996 in
1115 1940 1331 1997 schisma
1383 1953 1654 2016 erupturos
1704 1945 1880 1999 animo

138 2034 498 2107 providerent,
553 2053 655 2107 qua
697 2036 950 2107 qravitate
985 2047 1250 2109 poterantj
1296 2039 1590 2092 coercebant
1630 2072 1654 2081 -
1695 2043 1879 2111 Itaque

146 2145 320 2182 eorum
365 2140 510 2184 tanta
551 2130 626 2184 cis
664 2130 789 2203 fuit,
814 2141 872 2185 ut
914 2134 1172 2204 Aqapetus
1215 2134 1366 2204 Papa
1409 2132 1536 2186 eoeul
1579 2143 1625 2187 et
1659 2134 1880 2206 supplex

145 2223 770 2296 Constantincpolitanum
813 2225 1115 2280 Praesulem
1161 2224 1547 2296 (Antlzimum)
1590 2228 1662 2282 ad
1695 2229 1880 2301 pristi-

141 2334 263 2371 nam
326 2321 373 2371 T
372 2319 772 2391 rapezuntinam
833 2320 1018 2377 Sedem
1050 2332 1257 2375 -contra
1320 2324 1547 2377 Canones
1608 2324 1875 2377 dimissam

144 2412 452 2468 amandaret
472 2434 494 2484 ,-
539 2413 602 2468 ab
644 2414 738 2469 liae
781 2432 978 2487 quoque
1021 2415 1270 2490 dejiceret
1281 2459 1301 2485 2
1347 2417 1450 2471 nisi
1492 2427 1683 2472 rectam
1718 2418 1880 2491 profi-

146 2517 338 2562 teretur
373 2509 549 2583 fidem.

205 2658 275 2702 Ex
310 2659 482 2716 quibus
517 2661 633 2706 salis
674 2674 904 2720 superque
941 2662 1174 2709 refellitur
1211 2677 1370 2710 eorum
1396 2676 1541 2717 error,
1566 2664 1646 2721 qui
1682 2669 1884 2710 eonten-

137 2736 253 2782 dunt
289 2738 528 2787 Summum
566 2742 825 2789 Romanum
862 2745 1134 2791 Pontificem
1159 2757 1396 2791 sacrorum
1420 2745 1663 2789 Cauonum
1699 2757 1878 2791 merum

138 2825 435 2866 executorem
473 2835 604 2878 esse3
641 2823 841 2882 ideoque
880 2838 1071 2872 monere
1097 2832 1142 2872 et
1176 2825 1375 2879 hortari,
1414 2825 1493 2870 sed
1530 2825 1660 2871 nulla
1692 2826 1740 2870 in
1765 2839 1883 2872 con-

136 2905 363 2958 tumaceS,
401 2902 493 2949 nisi
529 2904 577 2951 in
613 2905 731 2965 ipsis
752 2907 1024 2955 canonibus
1060 2907 1260 2962 sancita,
1304 2918 1455 2965 poena
1504 2907 1881 2954 animadvertere
