2114 3289
357 129 428 179 58
476 144 570 181 LIB.
590 144 642 180 11.
666 143 711 179 C.
733 142 765 177 Ι.
791 141 850 176 DE
881 141 931 175 R.
961 138 1227 176 PONTIFIGE
1257 138 1426 181 EJUSQ.
1450 138 1787 177 ADJUTORIBUS

272 246 533 313 collatam,
577 246 633 300 in
674 261 776 315 qua
817 260 925 296 ‘etna
951 241 1208 298 Cathedra
1248 241 1422 296 unitas
1463 242 1527 297 ab
1558 243 1791 298 omnibus
1815 259 1990 299 ,serva-

269 352 435 408 retur,
462 359 524 395 ne
551 338 702 393 ceteri
729 336 958 409 Apostoli
983 336 1212 408 singulas
1252 335 1349 390 sibi
1390 336 1601 408 quisque
1637 338 1986 411 defenderent.

350 435 487 490 Haec
538 444 701 487 autem
744 433 909 487 unitas
953 431 1276 505 potissimum
1304 431 1400 485 sita
1425 442 1498 485 est
1539 433 1590 486 in
1634 434 1820 488 unitate
1863 432 1981 486 fidei

269 541 316 583 et
357 531 542 583 unitate
583 526 808 580 caritatis
851 544 938 581 seu
980 525 1366 580 communionis
1428 522 1606 581 Primo
1666 526 1870 599 quidem
1931 526 1986 580 in
2041 528 2047 533 ’

269 624 456 677 unitate
516 620 673 688 fidei,
734 632 976 692 quatenus
1037 619 1209 674 fideles
1251 637 1424 675 omnes
1467 637 1556 693 per
1596 620 1821 690 ejusdem
1865 620 1983 675 fidei

267 715 630 789 professionem
673 712 953 768 Ecclesiam
996 732 1149 768 unam
1190 713 1427 768 efficiunt.
1480 710 1562 767 Ad
1605 732 1709 768 rem
1752 716 1987 787 antiquus

265 808 455 863 Auctor
516 805 883 864 Commentarii
943 810 996 862 in
1055 806 1196 863 Psal.
1256 808 1366 876 23,
1409 805 1710 877 Hieronymi
1753 809 1987 882 operibus

265 903 387 958 olim
448 894 647 958 insertis:
708 901 960 968 Ecclesia,
1023 903 1114 971 ait,
1175 919 1243 956 eac
1294 900 1537 974 pluribus
1579 901 1814 972 personis
1871 919 1990 955 con-

264 1006 530 1068 yreyatur,
575 1007 622 1051 et
663 1007 834 1051 tamen
875 1013 983 1050 una
1026 995 1222 1050 dicitur
1263 1006 1479 1068 propter
1539 995 1792 1049 unitatem
1843 996 1986 1070 fidei.

266 1090 497 1153 Secundo
540 1102 705 1145 autem
747 1102 951 1164 propter
992 1092 1234 1145 unitatem
1277 1090 1503 1145 caritatis
1546 1108 1633 1144 seu
1681 1092 1989 1145 communio—

270 1187 386 1255 niS,
429 1205 527 1259 quo
572 1186 771 1241 nomine
817 1187 949 1240 venit
1000 1185 1235 1260 specialis
1296 1183 1546 1259 quaedam
1607 1184 1828 1253 caritaS,
1889 1203 1987 1258 qua

265 1282 436 1337 fideles
497 1281 678 1337 debent
739 1300 837 1337 non
897 1282 1061 1339 solum
1121 1282 1283 1337 colere
1345 1292 1392 1336 et
1447 1279 1659 1352 diligere
1710 1279 1988 1355 Episcopos

267 1396 422 1446 suos,
467 1376 555 1432 sed
606 1378 677 1431 eis
731 1377 996 1450 praecipue
1057 1376 1339 1431 consentire
1399 1386 1548 1448 atque
1609 1374 1990 1449 obtemperare,

266 1471 452 1542 singuli
494 1483 658 1526 autem
702 1468 943 1544 Episcopi
985 1481 1032 1525 et
1076 1468 1249 1525 fideles
1293 1470 1665 1525 communicare
1707 1481 1755 1524 et
1788 1469 1990 1525 subesse

265 1564 448 1621 debent
501 1564 710 1621 Summo
754 1563 1022 1634 Pontifici,
1066 1565 1153 1637 qui
1197 1563 1475 1619 catholicae
1516 1564 1722 1618 unitatis
1764 1575 1811 1618 et
1853 1582 1989 1619 com-

267 1661 520 1715 munionis
571 1671 794 1714 centrum
837 1670 910 1715 est
952 1671 998 1714 et
1041 1659 1203 1730 origo.
1248 1656 1380 1712 Hinc
1424 1656 1699 1713 Bossuetus
1742 1659 1794 1712 in
1837 1676 1990 1731 expo-

266 1756 445 1810 sitione
488 1754 748 1809 doctrinae
790 1754 975 1809 cathol.
1022 1773 1132 1828 cap.
1183 1756 1258 1806 24
1299 1753 1498 1823 egregie
1542 1753 1774 1826 scripsit,
1817 1762 1990 1806 aucto-

264 1849 474 1903 ritatem
516 1847 850 1921 Episcopatus
892 1858 1113 1902 statuere
1156 1847 1407 1901 unitatem
1449 1846 1506 1900 in
1549 1845 1790 1901 Ecclesiis
1819 1847 1989 1920 parti-

265 1942 560 2009 cularibuS,
623 1943 922 1997 Primatum
981 1961 1100 1997 uero
1153 1947 1205 1998 S.
1252 1941 1399 1997 Petri
1444 1958 1542 1996 esse
1586 1952 1816 1996 centrum
1858 1960 1989 1996 com-

264 2056 416 2092 muue
459 2037 612 2091 totius
654 2038 870 2093 unitatis
913 2037 1207 2094 catholicae.

325 2248 394 2293 Ex
429 2248 503 2293 his
539 2248 761 2307 colligere
798 2250 991 2306 poteris7
1017 2249 1247 2295 unitatem
1283 2247 1391 2293 fidei
1428 2254 1474 2293 ct
1509 2247 1855 2293 communionis
1889 2259 1995 2293 cum

261 2328 448 2374 Summo
492 2329 655 2387 Capite
692 2330 900 2375 Romano
937 2330 1159 2375 Pontifiee
1194 2330 1384 2388 ponitus
1419 2329 1735 2375 necessariam
1773 2339 1901 2374 esse:
1942 2339 1995 2374 ac

261 2410 469 2456 inaniter
502 2411 709 2468 profiteri
745 2423 846 2456 sese
882 2411 1202 2457 communioni
1238 2410 1501 2457 catholicae
1537 2410 1816 2463 adhaerere,
1851 2409 1933 2466 qui
1968 2420 1995 2454 a

259 2492 465 2536 Romano
515 2492 737 2537 Pontifice
786 2497 976 2549 propter
1022 2490 1285 2547 haeresim,
1325 2491 1397 2537 vel
1433 2497 1623 2549 propter
1658 2490 1860 2536 schisma
1895 2489 1995 2534 dis-

260 2573 487 2617 sentiunt.
524 2574 637 2619 Cum
673 2573 897 2627 Miletius,
935 2572 1120 2627 vitalis,
1148 2579 1194 2618 et
1229 2572 1451 2618 Paulinus
1485 2571 1542 2617 de
1577 2571 1860 2629 Episcopatu
1898 2572 1995 2616 An-

261 2652 482 2699 tiocheno
531 2654 901 2708 contenderent,
947 2653 994 2700 S.
1042 2654 1358 2710 Hieronymus
1408 2652 1464 2697 ad
1513 2655 1761 2698 Damasum
1811 2650 1995 2696 litteras

258 2733 403 2787 (ledit,
428 2741 479 2779 ut
515 2747 673 2780 verum
708 2735 990 2793 Episcopum
1028 2734 1394 2780 internosceret:
1436 2731 1548 2792 qu,
1573 2732 1745 2790 inquit,
1771 2730 1987 2777 clamito:

258 2812 311 2858 Si
345 2815 448 2875 quis
485 2814 736 2862 Catheclrac
774 2815 905 2862 Petri
932 2813 1184 2877 jungitur⁹
1220 2829 1345 2860 meus
1382 2819 1464 2859 est.
1502 2811 1745 2869 Miletius,
1790 2811 1990 2869 Vitatis,

262 2895 493 2943 Paulinus
541 2897 629 2944 tibi
678 2896 864 2945 haerere
913 2912 957 2945 se
992 2896 1169 2944 dicunt.
1209 2896 1390 2943 Possim
1425 2893 1637 2952 credere,
1676 2894 1719 2940 εἰ
1754 2893 1836 2940 hoc
1871 2907 1994 2939 unas
