2114 3289
369 137 483 189 122
590 152 707 191 cAP.
735 152 807 189 111.
841 151 902 188 on
931 150 1175 188 comem.
1206 149 1424 189 sacaoa.
1454 149 1701 188 umorum

283 257 409 313 tales
447 256 788 330 apoc-ryphaS,
823 253 924 308 uisi
965 253 1021 306 in
1063 273 1123 308 ea
1155 263 1331 325 parte,
1359 271 1489 325 quae
1532 253 1603 308 ad
1644 251 2014 325 Episcoporum

284 369 465 405 causas
508 360 553 403 et
588 349 802 421 judicia
835 346 1099 420 pertinet:
1128 346 1189 399 de
1219 344 1398 416 quibus
1440 347 1617 418 aliqua
1659 347 1803 419 apud
1848 346 2009 400 Hinc-

287 462 493 498 marum
551 442 831 512 lequutur,
893 451 939 494 et
997 439 1052 493 in
1108 437 1335 512 epistolis
1377 439 1584 495 Nicolaz'
1634 445 1678 497 I.
1724 444 1791 494 Ac
1833 439 1890 494 iu
1931 439 2009 494 lu's

284 537 407 610 ipsis
458 536 624 590 causis
667 546 816 606 atque
855 533 1076 609 judiciis
1095 576 1116 601 2
1160 534 1298 605 quod
1340 532 1396 586 iu
1434 534 1909 608 pseudo-epistolis
1953 552 2012 588 ac

285 630 509 703 Syttoclz's
565 629 881 684 Isicloriaut‘s
925 628 1189 694 traditur,
1234 645 1338 681 uou
1382 638 1493 682 erac
1536 628 1744 682 omuino
1803 646 2010 684 novum.

292 723 376 781 5.⁰
421 724 645 797 Denique
690 723 1050 798 disciplinam,
1095 741 1223 796 quae
1267 721 1331 776 ab
1390 720 1677 777 Isidoriana
1721 723 2013 778 collectione

288 820 586 895 praefertur,
614 821 961 875 auctoritatem
1005 818 1374 873 ecclesiasticae
1417 817 1542 888 legis
1587 818 1883 887 obtinuisse,
1913 836 2014 872 non

285 916 335 969 in
380 916 481 969 vim
524 913 749 984 ejusdem
794 913 1124 982 collectionis,
1156 931 1283 985 quae
1326 913 1525 985 privata
1568 913 1865 967 auctoritate
1897 930 2013 966 con-

281 1008 409 1064 fecta
452 1020 544 1077 est,
572 1019 617 1062 et
658 1007 912 1081 plerisque
956 1007 1291 1078 monumentis
1336 1008 1522 1079 partim
1553 1005 1799 1074 confictiS‚
1827 1006 2013 1079 partim

285 1104 599 1178 interpolatis
645 1102 867 1172 constat,
913 1102 999 1157 sed
1044 1104 1095 1157 in
1141 1103 1242 1156 vim
1286 1113 1390 1156 tum
1433 1099 1865 1175 praecedentium,
1909 1111 2014 1156 tum

284 1198 693 1271 subsequentium
736 1194 1166 1252 Constitutionum
1209 1196 1683 1264 ecclesiasticarum,
1718 1195 1900 1267 quibus
1931 1214 2014 1250 ea-

284 1292 398 1347 dem
460 1292 731 1365 disciplina
781 1290 986 1345 inducta
1037 1301 1083 1344 et
1127 1290 1424 1345 confirmata
1468 1301 1575 1357 est,
1620 1300 1724 1342 tum
1767 1290 1918 1343 etiam
1961 1290 2013 1344 in

286 1388 387 1441 vim
432 1384 839 1453 consuetudinis,
883 1403 1011 1457 quae
1054 1386 1105 1439 in
1149 1383 1297 1438 rebus
1342 1382 1756 1456 disciplinaribus
1801 1382 2012 1437 multum

289 1480 435 1536 valet.
481 1479 666 1535 Totam
709 1479 836 1533 hanc
880 1497 986 1532 rem
1030 1476 1328 1533 concludam
1373 1476 1537 1531 verbis
1581 1474 1721 1531 Petri
1766 1475 2013 1531 Ballerini

283 1575 334 1629 in
387 1574 621 1629 vindiciis
675 1573 988 1628 auctoritatis
1045 1571 1345 1628 Pontificiae
1407 1583 1580 1626 contra
1641 1589 1764 1645 opus
1825 1568 2012 1626 Justini

282 1666 519 1723 Febronii
573 1686 683 1741 cap.
741 1670 811 1721 5:
874 1667 1048 1737 Neque
1108 1676 1345 1719 causetur
1403 1664 1701 1736 iquorantt'a
1758 1663 2011 1736 falsarum

284 1761 671 1828 Decretalium,
715 1778 844 1832 quae
886 1779 1057 1815 omues
1099 1759 1296 1814 diutius
1337 1759 1656 1832 occupabat3
1701 1776 1823 1811 uam
1858 1775 2013 1830 prae-

283 1856 656 1927 terquamquod
684 1855 788 1928 fere
817 1855 1012 1922 omnia,
1043 1872 1173 1926 quae
1203 1854 1645 1909 Pseudo-Isidoro
1687 1852 2011 1920 tribuuntur,

287 1950 629 2017 anteriorem)
673 1960 728 2004 ut
771 1949 1149 2017 iudicavimus,
1194 1948 1378 2004 habeut
1419 1948 1698 2019 oriqimm,
1743 1965 1909 2000 noune
1953 1946 2011 2001 iu

282 2047 504 2101 materia
563 2045 874 2118 discipliuae
929 2044 1021 2119 jus
1080 2064 1307 2112 novum,
1360 2044 1563 2099 etiamsi
1605 2043 1913 2115 quibusdam
1953 2042 2011 2096 iu

287 2140 534 2214 capitibus
595 2159 769 2195 errore
827 2139 1003 2212 aliquo
1052 2140 1322 2194 inductum
1365 2157 1423 2193 ae
1458 2148 1849 2211 propaqatum,
1894 2156 2008 2192 cum

287 2235 521 2307 legitima
565 2246 812 2306 potestate
854 2235 1073 2307 proprio
1110 2234 1236 2308 jure
1276 2244 1536 2306 receptum
1579 2244 1623 2287 et
1665 2233 2009 2305 approbatum

284 2341 372 2396 est,
408 2348 511 2383 uon
555 2348 621 2383 eoe
664 2329 984 2400 iynoramia,
1016 2330 1100 2383 secl
1143 2347 1211 2384 eoe
1253 2329 1555 2382 auctoritate
1586 2327 2006 2399 approbantium,

288 2441 377 2478 uec
420 2441 524 2477 uou
567 2442 634 2477 eae
674 2424 787 2494 ipsa
831 2422 1193 2477 cousuetudine
1234 2422 1460 2494 leyite'ma
1493 2420 1868 2493 praescribente
1906 2418 2009 2473 vim

285 2519 408 2591 quis
451 2517 759 2590 acquireret,
789 2517 913 2571 dum
957 2517 1088 2571 nihil
1129 2528 1308 2571 contra
1350 2516 1608 2583 divinum„
1640 2525 1730 2570 aut
1771 2515 2008 2568 naturale

280 2614 372 2687 jus
416 2623 667 2685 receptum
713 2622 802 2666 aut
845 2612 1184 2683 approbatum
1225 2607 1338 2665 sit?

345 2831 616 2877 Doctissimi
651 2832 836 2876 Fratres
870 2828 1112 2883 Ballerini‚
1151 2826 1347 2874 editioni
1383 2827 1586 2885 Operum
1623 2825 1669 2871 S.
1711 2825 1878 2871 Leonis
1913 2824 2013 2870 Ma-

279 2912 361 2971 gni
400 2913 584 2972 integro
622 2912 857 2959 volumine
893 2907 1099 2969 adjecto,
1135 2908 1435 2956 recensendis
1471 2906 1855 2965 illustrandisque
1879 2911 2009 2952 vete-
