2114 3289
341 90 451 142 218
500 106 594 144 Lm.
615 104 686 142 111.
714 104 759 140 c.
788 103 822 139 1.
853 102 912 138 DE
942 101 1158 138 reason.
1189 101 1327 139 2ch.
1360 102 1564 138 Po‘rsssr.
1595 102 1853 141 summm

252 220 353 266 tem
410 210 554 266 dedit
605 210 900 262 Romanum
947 203 1250 278 Pontificem
1291 203 1554 276 eliqendi,
1597 206 1667 261 sic
1708 217 1880 283 tamen
1920 218 1977 263 ut

250 304 481 376 reliquus
523 302 697 358 Clerus
738 310 784 355 et
818 298 1043 372 populus
1082 299 1152 354 ad
1193 314 1487 354 consensum
1528 319 1687 356 novae
1721 300 1979 356 electionis

252 399 528 454 accederet.
588 394 855 450 Decretum
917 392 1074 450 habes
1135 392 1269 467 apud
1327 391 1605 450 Baronium
1665 395 1730 451 ad
1790 414 1978 452 annum

258 496 407 547 1059
455 486 502 562 ἓ.
551 492 662 559 25,
706 487 840 562 apud
902 485 1163 544 Labbeum
1224 499 1345 543 tom.
1393 491 1425 542 9
1470 489 1688 559 concil.,
1743 500 1790 544 et
1843 487 1978 563 apud

255 585 554 642 Gratianum
597 602 708 639 can.
760 586 828 637 In
869 581 1075 636 nomine
1120 581 1337 636 Domini
1379 581 1498 637 dist.
1546 584 1637 638 23.
1690 581 1980 638 Alexander

258 698 373 734 vero
418 676 496 732 III
538 678 737 733 decreto
780 676 916 732 edito
958 678 1010 732 in
1046 674 1277 732 Concilio
1304 673 1652 744 Lateranensi,
1678 677 1813 749 quod
1839 686 1976 732 extat

254 793 366 847 cap.
410 772 552 827 Licet
597 775 628 826 6
676 771 738 826 de
780 771 959 841 elect.,
1004 772 1246 840 sancivit,
1290 782 1342 824 ut
1383 768 1472 824 ille
1514 769 1697 841 absque
1738 770 1849 825 ulla
1890 788 1982 826 ecc-

255 867 481 939 ceptione
507 867 570 921 ab
605 865 889 921 universali
932 864 1160 920 Ecclesia
1203 866 1469 918 Romanus
1510 864 1760 937 Pontifex
1801 864 1983 920 habea-

255 974 370 1030 tur,
414 963 503 1034 qui
547 982 579 1018 a
621 963 818 1018 duabus
853 962 1092 1036 partibus
1149 957 1572 1033 (Cardinalium)
1628 960 1984 1016 concordanti-

259 1058 349 1112 bus
393 1057 573 1113 electus
612 1058 772 1131 faerit
808 1067 853 1112 et
881 1068 1126 1129 receptus
1171 1055 1345 1129 Itaque
1387 1055 1452 1111 ab
1488 1054 1779 1111 Alexandro
1808 1053 1905 1125 III,
1929 1067 1983 1110 ut

260 1154 518 1208 annotavit
560 1150 839 1207 Panvinius
883 1151 948 1206 ad
990 1149 1246 1206 Platinam
1288 1167 1406 1223 pag.
1438 1150 1572 1218 157,
1600 1148 1744 1203 Clero
1769 1148 1979 1203 omni-no

259 1256 304 1300 et
338 1246 531 1319 populo
559 1265 590 1300 a
616 1245 882 1319 Pontificis
924 1244 1162 1300 electione
1207 1243 1451 1311 exclusis„
1480 1261 1540 1297 ea
1581 1243 1651 1297 acl
1684 1242 1986 1298 Cardinales

259 1340 387 1394 solos
427 1341 663 1413 primum
703 1341 915 1395 redacta
956 1350 1025 1395 est
1066 1339 1137 1394 acl
1178 1338 1423 1393 evitanda
1462 1339 1520 1392 in
1554 1348 1818 1410 posterum
1859 1336 1988 1392 schi-

261 1445 443 1492 smata.

335 1528 442 1597 Qui
485 1529 546 1584 de
588 1528 751 1585 forma
793 1529 944 1600 hujus
986 1528 1244 1583 electionis
1287 1525 1569 1596 faciendae,
1605 1525 1668 1580 de
1711 1523 1983 1581 Conclavis

261 1623 532 1698 disciplina
575 1635 622 1678 et
663 1623 857 1693 legibus
900 1622 1045 1696 plura
1087 1640 1234 1677 nosse
1273 1620 1548 1689 desiderat,
1575 1620 1803 1676 consulat
1828 1618 1983 1675 Joan-

259 1736 373 1773 nem
413 1717 595 1773 Devoti
639 1719 691 1772 in
731 1719 859 1771 Jare
904 1715 1159 1771 Canonico
1202 1714 1440 1769 universo
1477 1713 1683 1787 publico
1711 1724 1756 1768 et
1775 1713 1986 1787 privato

261 1812 326 1869 ad
370 1815 448 1868 tit.
493 1811 567 1866 VI
609 1812 699 1868 lib.
748 1814 771 1865 1
822 1811 1177 1867 Decretalium.

339 1905 586 1978 Pirrhing
628 1907 693 1962 ad
737 1906 935 1962 titulum
963 1906 1025 1960 cle
1052 1904 1291 1960 electione
1335 1905 1552 1960 sectione
1597 1908 1630 1958 9
1675 1922 1785 1958 eam
1828 1921 1979 1976 quae-

259 2004 474 2058 stionem
517 2014 806 2077 pertractat,
844 2021 907 2057 an
950 2003 1190 2056 nimirum
1233 1999 1496 2056 Romanus
1541 1996 1779 2055 Pontifex
1821 2001 1982 2074 possit

259 2097 357 2153 sibi
400 2095 751 2152 Successorem
793 2097 993 2167 eligere.
1038 2094 1215 2169 Aliqui
1258 2106 1433 2169 putant
1476 2093 1529 2149 id
1575 2093 1683 2149 fieri
1726 2113 1894 2168 posse,
1938 2105 1985 2148 et

261 2210 435 2246 revera
478 2189 664 2245 factum
708 2209 815 2245 esse
858 2202 961 2245 tum
989 2210 1016 2245 a
1044 2189 1099 2246 S.
1145 2188 1317 2259 Petro,
1357 2190 1444 2263 qui
1487 2188 1585 2244 sihi
1629 2186 1981 2243 Successorem

262 2284 552 2353 destinavit,
596 2295 700 2338 turn
742 2284 806 2338 ab
851 2284 966 2340 aliis
1008 2282 1364 2353 Pontificibus,
1407 2301 1520 2338 cum
1562 2284 1859 2356 praesertim
1912 2282 1985 2336 la-

267 2391 367 2433 tere
394 2390 597 2452 propter
620 2379 988 2451 persecutiones
1017 2378 1339 2449 cogebantur.
1386 2376 1616 2432 Afferunt
1644 2378 1795 2431 etiam
1822 2392 1988 2430 exem-

266 2474 351 2547 pla
378 2474 664 2546 aliquorum
691 2471 1075 2546 Episcoporum,
1105 2475 1190 2545 qui
1234 2473 1413 2546 primis
1457 2470 1711 2527 Ecclesiae
1754 2470 1985 2539 saeculiS,

264 2580 316 2622 ut
359 2569 428 2623 ait
472 2566 722 2623 Baronius
766 2565 830 2621 ad
875 2585 1058 2621 annum
1105 2569 1215 2620 4526
1261 2561 1306 2637 §-
1356 2569 1448 2635 13,
1486 2583 1608 2636 quos
1649 2564 1984 2619 sanctissimos

265 2662 473 2727 scirent,
519 2678 597 2715 eos
639 2661 709 2714 ad
751 2659 1029 2733 episcopale
1071 2677 1257 2713 numus
1299 2659 1605 2731 deligebant.

345 2754 500 2824 Quod
544 2755 607 2810 ad
651 2755 928 2829 Episcopos
973 2755 1170 2823 attinet,
1215 2766 1403 2809 certum
1445 2765 1547 2823 est,
1590 2754 1768 2827 primis
1812 2751 1984 2808 Eccle-

268 2853 371 2907 siae
433 2851 644 2908 saeculis
706 2853 755 2907 in
817 2870 954 2908 more
1014 2850 1231 2923 positum
1275 2848 1464 2919 fuisse,
1509 2860 1560 2904 ut
1603 2847 1841 2922 Episcopi
1884 2847 1981 2904 sibi
