2114 3289
399 130 442 205 ὃ.
473 154 575 190 xm.
604 152 664 188 DE
694 151 896 189 OFFIGIO
924 153 984 187 ET
1012 152 1198 189 memr.
1229 151 1571 190 CARmNAuUM
1659 137 1765 189 157

126 259 195 313 acl
254 261 444 314 Canon.
491 255 837 312 Conciliornm
881 267 1001 314 tom.
1051 262 1102 313 2.
1140 275 1263 330 paq.
1316 252 1485 313 1474.
1532 267 1577 311 et
1620 268 1740 315 tom.
1790 263 1843 315 3.

117 371 239 425 paq.
286 348 446 406 441?
491 353 593 405 Cur
642 351 813 422 Legati
856 352 1122 425 Pontificis
1164 352 1219 405 in
1265 351 1507 406 Conciliis
1551 351 1705 406 etiam
1747 352 1851 406 solo

125 446 487 517 Presbyteratu
530 455 574 499 et
617 446 912 500 Diaconatn
956 445 1193 517 insiqniti
1228 463 1358 517 prae
1402 446 1668 519 Episcopis
1702 446 1852 519 prio-

122 559 231 595 rem
289 539 456 594 locuni
506 550 789 612 occupant,
841 551 886 595 et
927 551 1043 594 ante
1086 539 1173 594 hos
1216 540 1574 608 subscribunt,
1618 540 1755 612 quod
1795 540 1854 595 in

122 634 491 705 antiquissimis
535 634 778 689 Conciliis
818 631 1093 689 vidimus?
1137 634 1195 689 Si
1238 634 1320 688 liic
1363 634 1568 701 abusus,
1597 634 1640 688 si
1673 644 1851 688 contra

121 729 410 782 institutum
455 728 643 783 Christi
687 739 776 796 est,
821 739 941 782 tunc
984 729 1167 783 abusus
1203 727 1322 802 jam
1349 747 1381 782 a
1405 728 1596 800 primis
1637 728 1851 783 saeculis

120 823 178 876 in
219 834 435 893 utraque
477 822 707 877 Ecclesia
748 821 1008 878 Orientali
1052 833 1097 877 et
1139 822 1460 878 Occidentali
1501 823 1762 894 viguissetj
1806 832 1852 877 et

121 916 310 973 Christi
351 917 642 972 institutum
705 935 932 972 eversam
989 918 1188 990 fuisset,
1232 917 1320 971 sed
1367 936 1470 972 non
1530 917 1605 971 ita
1666 918 1849 972 sentic-

121 1011 263 1079 bant,
308 1029 466 1083 neque
517 1012 593 1067 ita
651 1029 761 1067 rem
819 1012 1145 1085 interpretati
1188 1022 1303 1065 sunt
1362 1023 1550 1066 ‘cete-res
1609 1012 1852 1085 Episcopi

118 1116 267 1177 atque
312 1108 511 1163 Patres
558 1107 791 1162 Tandem
834 1107 1003 1160 oculos
1045 1107 1115 1160 acl
1156 1106 1292 1179 ipsas
1340 1106 1593 1161 Ecclesias
1642 1107 1849 1179 Episco-

110 1199 257 1272 pales
300 1211 344 1255 et
405 1200 630 1272 Colleqia
690 1201 1066 1256 Canonicorum
1127 1211 1422 1255 convertant
1481 1200 1535 1255 hi
1592 1201 1717 1270 viri,
1761 1201 1844 1255 cli-

118 1305 355 1366 cantqne,
400 1313 559 1366 quare
604 1295 851 1350 Canonici
893 1295 1141 1361 Diaconij
1187 1295 1527 1362 Subdiaconi)
1574 1307 1665 1352 etc.
1718 1313 1851 1367 prae

117 1389 478 1446 Sacerdotibus
519 1390 609 1461 qui
636 1389 885 1444 Canonici
927 1408 1030 1443 non
1072 1399 1211 1456 sunt,
1255 1390 1314 1443 in
1357 1389 1543 1456 Clior0‚
1579 1389 1638 1444 in
1679 1393 1842 1462 Syno-

118 1483 206 1550 cl0,
249 1483 306 1537 in
365 1483 801 1551 Processionibit3‚
863 1494 910 1538 et
967 1483 1153 1555 ubique
1205 1484 1441 1556 primum
1501 1494 1547 1537 et
1617 1484 1844 1539 eminen-

114 1577 298 1632 tiorem
340 1577 507 1632 locum
550 1589 812 1651 occupentj
856 1578 935 1633 liis
976 1579 1047 1633 ad
1087 1578 1346 1651 inferiora
1387 1578 1626 1633 subsellia
1668 1578 1848 1633 remis-

114 1672 202 1739 εἰς,
253 1672 356 1726 nisi
407 1673 531 1744 quia
593 1673 840 1728 Canonici
902 1673 1234 1728 Collateralcs
1291 1673 1533 1745 Episcopi
1576 1673 1845 1741 dicuntur,

118 1776 164 1821 et
207 1784 321 1820 cuni
365 1785 420 1821 eo
463 1785 625 1821 unum
668 1785 848 1840 corpus
892 1764 1159 1840 efficiunt?

196 1860 328 1917 Sede
372 1874 535 1918 autem
581 1874 787 1918 vacante
839 1863 1048 1918 alterum
1107 1862 1599 1937 praestantissimum
1662 1860 1844 1919 Cardi-

119 1955 313 2012 nalium
356 1975 535 2012 munus
578 1970 652 2013 est
693 1955 916 2013 Romani
959 1955 1226 2013 Pontificis
1261 1958 1454 2013 electio,
1496 1953 1744 2014 Nicolaus
1789 1956 1840 2011 ΙΙ

113 2053 166 2107 in
225 2063 470 2108 conventu
534 2050 903 2127 Episcoporum
979 2050 1175 2107 Romae
1233 2053 1408 2108 habito
1481 2050 1842 2109 Cardinalibus

118 2148 349 2220 permisit
409 2145 675 2201 Pontificis
744 2146 1072 2216 electionem,
1135 2160 1459 2203 veruntamen
1519 2167 1618 2204 non
1691 2148 1845 2204 vetuit

116 2241 365 2314 reliquum
412 2239 635 2310 Clernm,
699 2252 745 2296 et
804 2241 1045 2315 populum
1107 2240 1172 2297 ad
1233 2241 1525 2297 electionem
1587 2242 1840 2298 accedere.

105 2334 216 2391 Sed
261 2332 541 2390 Alexandri
584 2332 663 2389 III
706 2334 904 2391 decreto
948 2336 1084 2392 edito
1127 2338 1179 2392 in
1216 2334 1446 2392 Concilio
1489 2335 1841 2406 Lateranensi,

114 2429 251 2504 quod
294 2440 430 2486 extat
471 2431 523 2484 in
586 2450 696 2505 cap.
742 2430 881 2486 Licet
928 2435 958 2485 6
1005 2431 1066 2487 (le
1109 2431 1272 2501 elect.9
1319 2430 1465 2486 Clero
1519 2431 1752 2498 omninoj
1798 2440 1845 2485 et

107 2524 299 2597 populo
341 2543 372 2579 a
416 2525 682 2598 Pontificis
726 2525 965 2581 electione
1009 2525 1252 2594 eoeclusiS,
1298 2544 1357 2580 ea
1416 2526 1486 2579 acl
1538 2524 1842 2579 Cardinales

112 2619 238 2672 solos
297 2631 414 2674 tunc
469 2621 701 2694 primum
761 2621 972 2675 redacta
1032 2612 1213 2676 estad
1273 2620 1515 2676 evitanda
1575 2619 1837 2677 scandala.

116 2710 303 2768 Verum
366 2715 426 2769 de
487 2713 684 2771 Summi
754 2714 1018 2772 Pontificis
1089 2716 1327 2772 electione
1396 2714 1621 2770 dicemus
1682 2714 1839 2772 infra.

115 2805 287 2880 Itaque
329 2811 379 2863 in
420 2809 587 2866 locum
631 2808 768 2865 Cleri
812 2811 1005 2866 suffecti
1049 2822 1163 2866 sunt
1207 2808 1525 2879 Cardinales9
1565 2822 1668 2864 tum
1711 2811 1830 2883 quia

112 2905 264 2977 primi
307 2915 352 2958 et
395 2907 650 2979 praecipui
695 2918 807 2961 sunt
851 2905 1112 2980 Episcopi,
1156 2903 1468 2974 Presbyteri,
1523 2917 1568 2960 et
1620 2903 1835 2961 Diaconi
