2114 3289
444 119 487 194 ὃ.
534 143 583 178 11.
632 143 691 177 DE
735 142 842 177 son.
889 142 1004 178 CAN.
1054 141 1215 177 DEFIN.
1264 143 1322 176 ET
1366 141 1587 177 OBJEGTO
1755 128 1785 177 3

228 246 463 320 Sequitur
504 262 632 315 qaae
676 244 738 297 ab
782 243 1119 297 ecclesiastica
1154 254 1420 316 potestate,
1467 243 1648 316 quibus
1675 263 1737 298 ex
1765 265 1870 300 ver-

150 342 228 397 bis
283 342 551 410 discimus,
603 340 1028 414 quemadmodum
1073 338 1163 395 Jus
1209 339 1520 396 Canonicum
1564 357 1662 394 non
1707 341 1870 396 solum

150 438 340 491 ratione
383 435 584 505 objecti,
651 453 820 489 verum
861 437 1010 490 etiam.
1053 436 1243 490 ratione
1286 435 1562 509 potestatis,
1593 433 1723 488 unde
1765 453 1872 490 ma-

150 541 252 598 nat,
279 528 343 583 ab
369 529 483 583 aliis
516 529 713 599 juribus
759 528 975 585 differat.
1024 528 1155 583 Illud
1200 530 1332 584 enim
1376 549 1490 584 vero
1536 528 1600 584 ab
1643 528 1870 584 Ecclesia

151 622 404 678 conditum
456 634 564 691 est,
609 623 798 678 scilicet
840 623 904 678 ab
961 626 1064 692 iis,
1108 625 1193 697 qui
1234 626 1313 694 jus
1356 624 1639 698 imperandi
1682 624 1734 678 in
1776 623 1871 678 Ec-

151 720 303 774 clesia
347 720 411 773 ab
453 721 562 792 ipso
608 718 813 775 Christo
858 732 1172 793 acceperunt.
1218 718 1389 788 Quam
1429 740 1546 776 sane
1573 720 1638 775 ob
1664 739 1870 776 causam

149 816 250 870 dici
311 817 568 871 consuevit
619 828 722 870 tum
765 814 855 871 Jus
899 816 1350 887 Ecclesiasticam,
1395 817 1626 872 videlicet
1668 817 1733 872 ab
1776 815 1871 872 Ec-

147 910 326 966 clesiae
369 909 670 966 Rectoribus
715 912 1059 981 constitutum,
1090 923 1193 966 tum
1220 913 1371 966 etiam
1397 910 1426 965 J
1433 931 1486 966 us
1515 911 1869 984 Pontificefam,

148 1004 283 1078 quod
328 1023 541 1059 canones
585 1005 709 1060 bene
752 1006 896 1060 multi
940 1026 968 1060 3
1014 1005 1236 1062 Summis
1280 1004 1616 1061 Pontificibus
1669 1004 1870 1061 Prima-

147 1112 251 1156 tum
305 1100 560 1156 Ecclesiae
612 1100 900 1171 gerentibus
944 1102 1125 1157 sanciti
1168 1113 1299 1157 sunt.
1346 1100 1442 1155 Per
1487 1101 1612 1156 illud
1658 1102 1867 1157 verbum

144 1195 440 1249 christianis
482 1194 619 1250 Juris
665 1193 910 1250 Canonici
954 1196 1233 1265 subjectum
1278 1195 1587 1266 designatur.
1634 1194 1744 1251 Soli
1772 1209 1869 1251 ete-

145 1292 250 1344 nim
311 1291 576 1345 christiani
634 1287 988 1344 Ecclesiastico
1049 1287 1160 1344 Juri
1204 1290 1575 1360 subjiciuntur,
1620 1302 1864 1363 quatenus

144 1404 234 1459 per
276 1384 514 1457 baptismi
559 1382 941 1439 Sacramentum
984 1386 1035 1439 iu
1062 1382 1318 1439 Ecclesiae
1345 1386 1633 1440 societatem
1659 1387 1866 1459 recepti,

144 1481 250 1551 ejus
294 1490 460 1552 partes
504 1490 550 1533 et
593 1478 818 1534 membra
862 1490 1143 1534 evaserunt.
1189 1479 1331 1543 Quid
1365 1479 1515 1548 milti,
1543 1478 1868 1554 inquitApo-

142 1573 298 1629 stolus
338 1575 361 1626 1
399 1570 518 1629 Cor.
548 1592 591 1629 c.
623 1576 676 1641 5,
706 1592 752 1629 v,
802 1575 894 1642 12,
932 1573 993 1627 de
1019 1573 1108 1640 iis,
1140 1574 1229 1645 qui
1253 1574 1381 1646 foris
1406 1584 1544 1640 sant,
1571 1572 1870 1648 judicare?

144 1666 307 1739 Igitur
359 1666 561 1736 Judaei,
606 1665 849 1737 GentileS,
891 1679 937 1722 et
979 1667 1176 1723 Turcae
1219 1669 1414 1740 legibus
1459 1688 1592 1724 mere
1636 1670 1871 1726 ecclesia-

144 1763 283 1819 sticis
336 1781 435 1818 non
485 1762 731 1834 ligantur,
778 1765 896 1837 quia
941 1782 1121 1819 nomen
1166 1765 1472 1819 christianae
1515 1764 1727 1820 militiae
1769 1785 1869 1821 non

146 1857 427 1928 dederunt,
471 1869 520 1914 at
563 1858 853 1929 obligantur
896 1859 1156 1928 haeretici,
1201 1859 1532 1928 schismatici,
1577 1878 1867 1915 excommu-

142 1953 317 2022 nicati,
345 1964 391 2006 et
434 1964 710 2027 apostatae,
740 1965 1000 2028 propterea
1045 1953 1180 2028 quod
1225 1954 1486 2009 character
1528 1951 1864 2024 Sacramenti,

143 2066 243 2120 quo
287 2049 516 2119 insigniti
559 2059 693 2117 sunt,
719 2059 766 2102 et
810 2046 1143 2120 obligationes
1188 2049 1470 2103 characteri
1515 2048 1741 2104 adnexae
1785 2049 1864 2103 his

142 2140 436 2195 criminibus
484 2160 581 2196 non
626 2141 868 2197 delentur.

222 2233 447 2307 Denique
506 2237 786 2309 posteriora
848 2237 970 2291 haec
1034 2238 1184 2292 verba
1238 2237 1316 2292 vel
1349 2238 1744 2310 praescriptae,
1788 2237 1865 2291 vel

131 2329 429 2402 propositae
472 2340 587 2383 sant
633 2330 865 2386 addenda
909 2331 1168 2401 duximus,
1195 2353 1252 2388 eo
1297 2334 1433 2406 quod
1478 2352 1650 2388 earum
1677 2333 1863 2404 legum,

140 2423 322 2496 quibus
368 2423 459 2479 Jus
504 2423 817 2481 Canonicum
862 2437 1075 2496 constat,
1104 2426 1231 2482 alias
1275 2426 1502 2484 Ecclesia
1546 2426 1864 2502 praescribit,

143 2519 268 2574 alias
332 2519 680 2576 tantummodo
741 2523 993 2594 proponit.
1057 2519 1254 2577 Prioris
1306 2524 1502 2593 generis
1555 2522 1670 2578 illae
1714 2533 1864 2590 sunt,

144 2632 268 2685 quas
311 2614 652 2670 ecclesiastica
695 2626 912 2688 potestas
948 2636 1039 2690 pro
1068 2618 1261 2673 ratione
1289 2616 1535 2686 locorum,
1564 2629 1864 2690 temporum,

143 2718 188 2760 et
229 2727 557 2782 personarum
600 2709 806 2778 condit,
851 2729 974 2783 quas
1029 2722 1080 2765 ut
1140 2711 1521 2785 praescribere,
1582 2711 1653 2765 sic
1714 2711 1865 2765 etiam

143 2813 359 2872 mutare,
402 2815 448 2857 et
491 2803 737 2876 abrogare
780 2816 971 2878 potest,
1016 2824 1143 2880 quae
1185 2807 1319 2878 leges
1363 2806 1731 2860 ecclesiasticae
1766 2823 1860 2877 po-

143 2893 318 2950 sitivae.
380 2895 480 2953 (lici
542 2898 716 2956 solent.
780 2899 998 2957 Alterius
1059 2903 1256 2969 generis
1309 2912 1454 2967 suut,
1507 2918 1632 2971 quae
1677 2919 1703 2955 a
1748 2900 1855 2970 jure
