2114 3289
429 108 472 182 §-
519 130 655 165 Lxm.
705 129 763 163 DE
806 128 978 165 cAusts
1021 127 1481 163 MA‘rmmoMAmssvs
1620 111 1721 160 241

100 235 325 304 judicare
369 233 432 289 ad
476 251 625 287 unam
669 230 946 286 Ecclesiam
991 233 1262 305 pertineat,
1306 232 1473 305 palam
1516 241 1588 284 est
1631 249 1808 284 causas

101 348 291 397 omnes,
326 347 451 401 quae
495 327 781 380 firmitatem
825 326 1102 396 conjugalis
1146 325 1361 379 foederis
1407 327 1510 379 sive
1553 325 1812 377 matrimo-

100 424 238 476 nium
290 432 546 496 spectant,
589 421 639 474 in
683 420 792 474 foro
837 420 1099 473 dumtaxat
1140 419 1477 473 ecclesiastico
1526 416 1811 488 dijudican-

101 516 192 570 das
234 535 357 570 esse.

179 609 278 665 Sed
341 611 516 679 ajunt,
577 609 742 682 plures
804 627 984 680 eosque
1037 626 1215 678 graves
1259 605 1548 676 Theologos
1593 605 1809 673 docere,

100 708 478 761 matrimonium
521 707 626 760 sine
669 703 907 759 Ministro
951 703 1226 771 Ecclesiae,
1263 714 1309 756 et
1351 704 1457 756 sine
1501 703 1671 775 aliqua
1716 700 1817 755 Re-

96 800 300 870 ligionis
351 801 657 854 caerimonia
700 800 899 867 initum,
947 817 1043 852 non
1089 816 1196 851 esse
1241 816 1352 852 vere
1395 808 1440 851 et
1477 798 1678 870 proprie
1723 794 1816 851 Sa-

96 906 424 963 cramentum,
457 894 543 948 sed
588 905 748 947 tamen
797 912 986 961 verum,
1032 892 1253 959 firmum,
1298 903 1343 944 et
1386 891 1664 960 legitimum
1710 909 1816 944 ma-

99 990 389 1043 trimonium
432 988 721 1042 habendum
764 1006 897 1043 esse:
944 1006 1095 1059 quam
1139 986 1342 1058 (pridem
1373 987 1660 1059 opinionem
1689 983 1818 1038 Mel-

97 1083 240 1137 chior
283 1080 450 1137 Canus
495 1082 556 1136 de
600 1082 723 1137 locis
768 1082 1063 1151 theologicis
1108 1081 1196 1135 lib.
1242 1077 1369 1132 VIII
1413 1099 1522 1153 cap.
1573 1083 1626 1147 5,
1663 1097 1821 1150 quan-

96 1188 197 1230 tum
242 1178 436 1249 potuit,
480 1177 605 1230 tueri
648 1187 693 1230 et
737 1176 990 1230 illustrare
1051 1186 1256 1230 conatus
1317 1185 1407 1229 est.
1472 1171 1600 1228 Cum
1661 1174 1816 1243 igitur

98 1266 224 1339 (hac
286 1272 477 1325 ratione
531 1267 868 1338 concludunt)
913 1268 1295 1324 Sacramentum
1339 1287 1367 1321 a
1411 1279 1668 1323 contractu
1712 1286 1818 1320 ma-

96 1365 320 1420 trimonii
363 1364 525 1419 dividi
568 1366 761 1438 possit,
807 1364 857 1417 id
903 1381 1209 1434 consequens
1252 1374 1362 1430 est,
1407 1374 1458 1416 ut
1502 1381 1598 1417 non
1644 1380 1817 1416 omnes

95 1457 156 1511 de
200 1458 433 1512 firmitate
477 1459 786 1513 matrimonii
831 1458 1167 1529 quaestiones,
1213 1475 1296 1510 seu
1341 1475 1520 1510 causae
1556 1456 1619 1510 atl
1657 1454 1821 1510 forum

93 1550 347 1605 Ecclesiae
389 1551 684 1607 deferendae
729 1554 844 1607 sint.

174 1644 305 1700 Huic
369 1658 660 1716 argumento
722 1646 1119 1720 respondemus,
1183 1664 1340 1717 neque
1383 1643 1616 1718 Canum,
1661 1664 1818 1718 neque

97 1740 222 1795 alios
270 1740 495 1810 ejusdem
539 1742 789 1813 opinionis
835 1752 1071 1813 patronos
1115 1742 1184 1794 ita
1223 1751 1530 1795 contractum
1562 1741 1821 1794 matrimo-

49 1838 51 1842 ‘
97 1835 166 1889 nii
211 1853 239 1887 a
282 1832 607 1889 Sacramento
652 1834 898 1902 (lividere,
927 1847 976 1888 ut
1021 1845 1302 1889 contractus
1347 1845 1393 1887 et
1438 1831 1819 1888 Sacramentum

97 1947 322 1983 seorsum
373 1930 627 1997 existant,
672 1929 759 1983 sed
812 1928 1156 1983 tantummodo
1200 1927 1523 1996 contendere,
1569 1928 1820 1983 interdum

98 2042 242 2097 posse
272 2041 461 2090 verum,
490 2023 712 2092 firmum,
737 2035 783 2077 et
827 2023 1105 2094 legitimum
1151 2024 1527 2077 matrimonium
1572 2023 1822 2090 contrahi,

99 2120 218 2190 quin
280 2118 345 2171 sit
405 2115 804 2172 Sacramentum.
870 2116 934 2172 At
995 2137 1110 2172 vero
1173 2137 1284 2171 clun
1332 2119 1710 2172 matrimonium
1754 2119 1822 2171 ita

98 2212 288 2280 initur,
331 2222 384 2265 ut
427 2231 538 2266 vere
581 2223 628 2265 et
669 2214 870 2285 proprie
915 2210 1295 2267 Sacramentum
1348 2213 1448 2279 sit,
1502 2222 1614 2265 tunc
1676 2211 1821 2284 plane

96 2306 347 2375 fatentur,
391 2318 700 2362 contractum
743 2319 789 2362 et
832 2305 1210 2362 Sacramentum
1257 2326 1352 2361 non
1399 2307 1523 2362 duas
1578 2326 1683 2361 esse
1745 2326 1821 2361 res

96 2403 224 2455 inter
285 2419 335 2455 se
389 2400 690 2470 distinctas,
734 2403 803 2456 ita
848 2414 899 2456 ut
941 2421 1037 2456 una
1083 2402 1146 2455 ab
1189 2403 1345 2456 altera
1390 2403 1579 2455 secerni
1625 2403 1819 2474 possit,

98 2496 184 2551 sed
230 2515 380 2550 unam
424 2496 751 2569 eamdemque
796 2516 935 2565 rem,
988 2498 1103 2570 quia
1166 2509 1448 2551 contractus
1512 2497 1822 2551 matrimonii

98 2602 171 2644 est
212 2591 423 2646 materia
469 2588 801 2646 Sacramenti.
847 2590 978 2646 Hinc
1024 2590 1274 2645 Melchior
1318 2589 1487 2645 Canus
1532 2592 1682 2644 citato
1710 2591 1821 2645 loco

97 2683 346 2739 disserens
411 2684 472 2739 de
533 2686 854 2741 matrimonio
919 2687 987 2740 ita
1041 2688 1203 2753 inito,
1249 2697 1299 2738 ut
1343 2686 1407 2738 sit
1449 2686 1598 2738 etiam
1645 2683 1826 2739 Sacra-

98 2788 344 2831 mentum:
398 2779 580 2845 Verba,
627 2781 809 2852 inquit,
837 2780 1244 2834 contrahentium
1270 2790 1384 2831 sum
1414 2782 1822 2845 Sacramentum,

99 2871 150 2925 id
196 2883 303 2940 est,
349 2884 629 2929 contractus
673 2884 746 2928 est
796 2872 1195 2930 Sacramentum.
1259 2872 1321 2927 Et
1382 2873 1531 2946 paulo
1593 2884 1703 2945 post
1758 2874 1824 2928 ita

1305 2969 1372 3020 16
