2114 3289
344 116 414 167 36
580 131 694 168 οΑΡ.
740 131 791 168 11.
839 131 898 167 m:
945 130 1189 168 Fourtssus
1235 131 1372 187 sums
1416 131 1658 168 GANont

258 234 505 293 Pontifice
545 246 778 310 possunt,
821 245 874 288 nt
914 233 1137 308 reliquae
1177 235 1546 291 ecclesiasticae
1587 235 1752 307 legeS,
1793 236 1976 301 immu-

257 333 374 400 tari,
416 331 657 398 relaxari,
695 340 842 401 atque
884 329 1035 382 etiam
1077 329 1344 384 contrariis
1388 329 1584 400 legibus
1629 329 1703 384 vel
1748 330 1973 386 moribus

256 425 512 496 abrogari.
555 423 686 478 Hinc
728 422 942 492 intelligi
985 433 1165 496 potest,
1210 441 1299 477 cur
1341 422 1529 477 factum
1571 426 1654 493 sit,
1682 435 1733 478 ut
1775 424 1975 480 electio-

255 514 374 574 num
416 536 675 573 sacrarum
717 515 902 585 forma,
944 516 1249 571 abstinentia
1280 536 1309 570 a
1336 519 1578 587 sanguine
1621 530 1668 573 et
1709 517 1974 586 suffocatO,

254 631 481 686 agapae,
540 611 806 665 mulierum
865 611 918 664 in
980 610 1179 684 templis
1232 610 1543 680 velationes,
1587 611 1786 684 aliaque
1828 611 1974 685 plura

252 705 609 780 Apostolorum
669 705 932 774 instituta,
993 705 1069 759 vel
1121 705 1308 760 sensim
1351 704 1550 774 deleta,
1595 705 1672 759 vel
1715 706 1803 759 alii
1846 707 1970 760 ritus

252 818 515 872 moresque
557 800 608 853 in
650 818 825 855 eorum
868 799 1034 854 locum
1076 799 1351 854 substituti.
1397 798 1483 854 Sic
1520 801 1671 854 etiam
1696 796 1971 854 Pontifices

252 914 330 951 ex.
374 912 451 965 gr.
494 895 546 948 in
589 893 843 966 aliquibus
886 893 1343 964 irregularitatibus
1387 893 1699 967 dispensant,
1735 894 1967 969 quamvis

252 1008 378 1062 quae
421 1001 535 1043 sunt
577 989 638 1042 de
680 988 1137 1058 irregularitatibus
1181 989 1477 1043 constitutae
1520 987 1653 1057 leges
1697 1006 1759 1041 ex
1785 989 1970 1060 episto-

250 1083 313 1138 lis
357 1081 411 1139 S.
457 1082 604 1137 Pauli
647 1083 965 1156 potissimum
1007 1081 1412 1156 proficiscantur.
1458 1080 1560 1136 Sed
1602 1081 1843 1155 Episcopi
1888 1100 1968 1136 ea-

251 1178 363 1232 dem
407 1177 682 1252 apostolica
725 1178 951 1231 instituta
995 1175 1293 1230 immutandi
1325 1188 1408 1231 aut
1434 1176 1698 1230 relaxandi
1725 1187 1968 1249 potestate

251 1275 455 1329 omnino
499 1285 697 1342 carent,
741 1271 1151 1345 quandoquidem
1195 1273 1471 1345 apostolica
1514 1273 1742 1326 instituta
1785 1273 1849 1326 ad
1886 1291 1970 1343 ge-

250 1369 471 1423 neralem
513 1367 768 1422 Ecclesiae
811 1366 1134 1440 disciplinam
1178 1369 1441 1440 pertinent.

331 1461 388 1518 Si
440 1482 556 1518 vero
610 1462 782 1533 regula
825 1472 958 1515 certa
1002 1472 1232 1534 petatur,
1277 1479 1375 1533 qua
1419 1461 1646 1515 instituta
1689 1459 1862 1515 divina
1905 1461 1970 1516 ab

250 1558 539 1632 apostolicis
582 1557 851 1611 internosci
894 1556 1110 1629 possint,
1138 1555 1260 1609 haec
1304 1556 1581 1625 generatim
1623 1554 1833 1610 tenenda
1876 1567 1969 1624 est,

248 1654 508 1720 nimirum,
544 1669 672 1722 quae
715 1651 772 1703 in
815 1649 1038 1722 epistolis
1082 1659 1128 1702 et
1169 1649 1383 1720 reliquis
1426 1649 1784 1722 Apostolorum
1825 1649 1971 1704 libris

247 1748 593 1813 continentur,
636 1745 812 1799 omnia
855 1755 899 1798 et
942 1743 1146 1815 singula
1181 1762 1280 1817 pro
1323 1744 1514 1798 (livinis
1556 1743 1791 1798 habenda
1831 1754 1969 1811 sunt,

248 1843 352 1896 m‘si
395 1861 462 1896 ex
504 1841 690 1907 verbiS,
717 1851 807 1894 aut
848 1858 915 1894 ecc
958 1839 1186 1913 subjecta
1228 1839 1446 1894 materia
1488 1839 1772 1894 luculenter
1815 1857 1973 1912 appa-

248 1950 381 2004 reat,
425 1937 602 1990 euclem
645 1937 706 1989 ab
751 1934 1003 2007 Apostolis
1045 1945 1306 2006 tamquam
1348 1935 1696 1989 Ecclesiarum
1739 1934 1971 1988 Rectorz'-

249 2034 338 2087 bus
373 2032 605 2105 profecta
648 2048 763 2087 esse.
809 2029 1042 2085 Primum
1067 2030 1234 2102 itaque
1263 2029 1413 2084 verba
1441 2029 1809 2084 consideranda
1835 2041 1967 2097 sunt,

249 2141 302 2183 ut
346 2128 625 2195 videamus,
668 2145 730 2180 an
773 2124 1045 2199 Apostolus
1088 2143 1198 2194 suO,
1242 2144 1305 2179 an
1349 2122 1543 2180 Christi
1586 2126 1787 2180 nomine
1830 2124 1967 2179 locu-

247 2235 325 2278 tus
370 2224 451 2278 sit.
497 2220 553 2277 Si
596 2221 726 2275 nihil
769 2231 958 2274 certum
1002 2239 1063 2274 ex
1109 2219 1273 2275 verbis
1317 2221 1553 2291 cognosci
1616 2221 1790 2294 possit,
1851 2231 1965 2274 tunc

250 2317 472 2388 subjecta
532 2317 741 2369 materia
799 2316 1014 2388 spectari
1065 2315 1245 2370 debet:
1297 2315 1339 2368 si
1382 2317 1515 2369 enim
1558 2315 1695 2385 quod
1736 2314 1967 2368 traditur

249 2413 317 2466 acl
354 2412 509 2485 fidem
551 2411 627 2463 cel
669 2428 833 2464 mores
868 2410 1167 2482 pertineat,
1211 2409 1288 2463 vel
1331 2408 1587 2483 ejusmodi
1630 2410 1733 2478 sit,
1775 2420 1830 2463 ut
1873 2408 1966 2462 ltu-

248 2525 456 2561 manczm
509 2517 804 2577 potestatem
846 2517 1043 2578 superet
1064 2548 1084 2572 ,
1127 2505 1284 2559 veluti
1327 2510 1776 2562 sacramentorum
1820 2505 1967 2558 insti-

249 2604 415 2669 tutio,
459 2596 690 2655 divinam
736 2601 832 2654 erit
876 2613 921 2655 ec
964 2601 1325 2671 inmutabile,-
1369 2601 1412 2655 εἰ
1454 2619 1571 2656 vero
1613 2601 1683 2655 acl
1733 2600 1964 2672 discipli-

250 2717 367 2752 nam
410 2710 610 2771 spectet,
656 2716 754 2752 non
797 2709 980 2752 temere
1022 2697 1352 2769 apostolicum
1393 2698 1684 2753 institutum
1745 2714 1842 2752 esse
1887 2697 1967 2751 di-

254 2797 370 2848 ¹reri
376 2814 410 2850 s.
