2114 3289
315 127 385 177 38
561 142 675 177 ΟΑΡ.
720 141 771 176 11.
821 140 880 174 DE
927 139 1170 175 FONTIBUS
1217 135 1354 173 sums
1399 135 1640 174 GANONIGI

320 246 500 316 VeraS,
555 247 892 319 probatasque
953 244 1249 298 traditiones
1293 244 1343 297 in
1395 241 1623 298 Ecclesia
1686 263 1814 312 esse,
1864 257 1967 298 tum

240 340 461 410 divinaS,
507 352 609 394 tum
652 339 901 392 humanas
947 349 1135 391 certum
1180 347 1271 391 est.
1316 334 1380 390 Et
1422 337 1626 408 quidem
1682 336 1969 392 traditioni-

238 434 332 490 bus
376 434 665 508 apostolicis
709 444 755 486 et
788 431 1141 486 ecclesiasticis
1185 429 1529 486 protestantes
1574 433 1671 505 ipsi
1717 451 1815 487 non
1861 450 1967 486 ma-

234 548 451 602 gnopere
496 526 847 594 adversantur,
893 544 1005 579 cum
1041 526 1253 597 quisque
1296 523 1444 578 facile
1487 525 1757 596 intelligat,
1800 527 1965 599 prima

234 622 489 678 Ecclesiae
533 631 691 674 aetate
735 620 844 673 fieri
889 638 1095 693 prorsus
1140 618 1392 686 debuisse,
1427 630 1480 672 ut
1513 619 1668 673 multa
1696 619 1757 674 de
1801 621 1960 674 sacris

236 716 437 784 ritibus,
482 715 642 787 deque
669 714 1009 768 ecclesiastica
1054 712 1325 785 disciplina
1360 712 1424 766 ab
1468 711 1726 786 Apostolis
1767 732 1965 768 eorum-

238 831 332 884 que
393 809 781 865 Successoribus
827 808 1169 864 traderentur.
1216 806 1316 863 Sed
1369 808 1555 863 divinis
1601 808 1959 864 traditionibus
2029 854 2033 859 .

237 907 421 962 inferre
465 905 651 960 bellum
697 907 804 959 ausi
848 917 981 973 sunt,
1026 903 1398 973 contendentes,
1442 904 1602 959 solam
1648 902 1965 977 Scripturam

237 1003 435 1055 unicam
481 1017 583 1054 esse
626 1011 673 1054 et
722 999 1155 1054 absolutissimam
1200 998 1318 1052 fidei
1362 1017 1658 1071 morumque
1706 997 1963 1068 regulam,

236 1113 448 1168 quorum
495 1095 743 1148 haeresim
791 1092 1092 1147 Tridentina
1138 1091 1375 1162 Synodus
1404 1112 1525 1147 sess.
1573 1091 1645 1146 IV
1673 1093 1964 1147 anathema-

237 1202 283 1244 te
327 1189 555 1244 confixit.

300 1361 488 1407 Deliae
538 1361 770 1406 catholica
821 1361 1021 1406 veritate
1072 1360 1296 1418 Theologi
1348 1359 1479 1418 plura
1527 1360 1721 1406 dabunt.
1773 1360 1836 1406 Ad
1877 1372 1972 1405 rem

228 1449 436 1488 nostram
474 1443 592 1488 nihil
631 1442 802 1487 attinet
839 1442 1028 1500 longius
1064 1442 1300 1500 progredi.

1002 1613 1046 1689 g,
1097 1621 1187 1673 20.

492 1755 564 1800 DE
608 1754 715 1800 USU
754 1755 826 1799 ET
863 1754 1268 1800 AUCTORITATE
1308 1754 1708 1799 TRADITIONUM

318 1931 747 2004 Quotiescumque
807 1933 962 2002 igitur
1018 1931 1079 1985 de
1141 1931 1238 1985 fide
1291 1943 1336 1985 et
1398 1931 1645 1999 moribus,
1702 1931 1764 1985 de
1807 1931 1965 1986 sacris

237 2026 438 2095 ritibuS,
501 2025 659 2099 deque
719 2026 1057 2081 ecclesiastiea
1117 2026 1387 2099 disciplina
1432 2026 1480 2078 in
1525 2023 1644 2079 Jure
1705 2022 1964 2080 Canonico

237 2121 562 2193 disceptatur,
624 2140 720 2175 non
782 2119 932 2175 niodo
976 2139 1037 2174 ex
1099 2118 1152 2175 S.
1214 2120 1414 2188 litteris,
1477 2138 1646 2173 verum
1709 2120 1859 2173 etiam
1902 2137 1964 2172 ex

237 2216 535 2271 Traditione
581 2216 898 2271 validissima
943 2228 1235 2285 argumenta
1280 2227 1529 2288 petuntur.
1575 2214 1773 2270 Horum
1817 2233 1965 2284 argu-

236 2323 516 2365 mentorum
573 2312 645 2365 vis
690 2322 736 2364 et
795 2312 1068 2366 auctoritas
1122 2312 1260 2364 varia
1304 2322 1377 2365 est
1420 2330 1510 2383 pro
1573 2311 1712 2365 varia
1770 2309 1964 2378 origine

242 2405 604 2459 traditionum:
651 2405 749 2459 alia
794 2417 866 2460 est
909 2407 1041 2459 enim
1104 2406 1375 2459 auctoritas
1427 2404 1715 2459 traditionis
1765 2421 1892 2475 quae
1936 2422 1963 2456 a

239 2498 365 2568 Deo,
410 2510 455 2553 et
499 2499 597 2552 alia
642 2499 777 2553 illius
822 2518 948 2571 quae
993 2499 1056 2553 ab
1100 2499 1302 2553 homine
1346 2510 1508 2553 ortum
1553 2499 1747 2553 habuit.

321 2590 552 2648 Ceterum
598 2591 662 2646 ad
705 2592 1113 2647 internoscendas
1140 2592 1345 2645 divinas
1372 2592 1667 2647 traditiones
1696 2591 1759 2645 ab
1787 2589 1965 2643 huma-

236 2688 337 2753 nis„
399 2700 501 2742 tum
547 2689 654 2761 ipsa
718 2687 1004 2742 traditionis
1066 2689 1273 2742 materia
1317 2687 1648 2760 inspicienda,
1710 2697 1813 2739 tum
1866 2683 1962 2740 SS.

238 2779 467 2851 Patruni,
507 2783 554 2836 in
600 2783 877 2856 primisque
904 2779 1158 2836 Ecclesiae
1203 2783 1443 2836 sententia
1472 2779 1799 2853 exquirenda.
1832 2777 1962 2833 Hinc

240 2887 453 2949 quatuor
498 2878 696 2947 regulae
740 2876 1021 2945 traduntur,
1069 2875 1295 2931 videlicet
