2114 3289
357 104 428 153 14
646 119 759 155 CAP.
806 118 838 153 1.
887 118 946 152 DE
990 118 1113 153 June
1156 119 1273 154 CAN.
1320 118 1606 153 GENERATIJI

267 222 427 294 ipsius
488 222 713 276 Paroclti
773 238 859 273 sete·
920 220 1199 274 ordinarii
1251 219 1497 287 licentia,
1548 234 1593 275 cc
1636 220 1868 299 duobus,
1912 224 1990 279 rel

267 317 428 372 tribus
479 316 683 371 testibus
735 313 1139 371 contraheretur.
1204 314 1471 370 Decretum
1531 317 1777 387 singulari
1838 319 1988 373 modo

267 413 493 467 nominat
542 409 868 478 Parochum3
913 408 1000 463 sed
1044 427 1157 464 cum
1200 408 1299 464 duo
1344 427 1450 465 esse
1493 407 1715 465 Parochi
1758 412 1989 485 possint,

267 505 391 560 alter
449 505 658 579 sponsi,
713 514 759 556 et
812 502 937 558 alter
980 522 1228 577 sponsae,
1274 502 1559 557 dubitatum
1602 516 1711 573 θεῖ,
1756 507 1990 577 quisnam

265 597 528 655 Parochus
572 596 913 665 adhibendus,
951 598 1206 670 sponsine,
1257 616 1320 652 an
1356 616 1592 671 sponsae,
1622 617 1685 652 an
1714 599 1987 671 utriusque.

267 691 442 765 Itaque
501 711 624 766 opus
684 703 791 746 erat
850 692 1277 765 interpretatione.
1340 689 1456 746 Jam
1517 710 1633 747 vero
1694 692 1987 748 alterutrum

267 787 557 844 Parochum
584 788 677 841 rite
703 786 936 842 adhiberi
981 786 1290 842 consuetudo
1333 787 1658 861 interpretata
1701 800 1809 857 θεῖ,
1852 808 1992 844 nam-

266 902 361 956 que
423 900 594 936 coram
641 880 889 937 ¹Parocho
941 882 1046 935 sive
1089 882 1299 954 sponsi,
1344 882 1448 936 sive
1491 901 1704 956 sponsae
1748 883 1992 939 celebrari

265 979 587 1033 matrimonia
651 989 823 1051 coepta
867 988 1015 1051 sunt,
1059 996 1215 1050 eaque
1257 990 1366 1032 rata
1410 989 1457 1032 et
1500 977 1723 1048 legitima
1768 978 1982 1049 haberi3

264 1091 415 1145 quam
476 1071 657 1126 deinde
717 1073 1179 1144 interpretationem
1230 1071 1429 1126 decreta
1478 1070 1797 1145 Apostolicae
1841 1071 1989 1129 Sedis

264 1166 687 1241 approbaverunt.
751 1164 851 1220 Sed
912 1177 1180 1239 postquam
1233 1165 1540 1221 consuetudo
1584 1165 1805 1235 legitime
1847 1187 1990 1241 prae-

264 1261 451 1334 scripta
512 1272 621 1328 θεῖ,
682 1260 1027 1333 interpretatio
1071 1278 1169 1314 non
1213 1271 1322 1331 eget
1364 1257 1695 1330 Legislatoris
1740 1262 1989 1334 approba-

263 1356 416 1424 tione,
459 1367 506 1409 et
546 1355 656 1409 loco
700 1353 825 1423 legis
867 1365 959 1422 θεῖ,
1004 1354 1255 1426 siquidem
1298 1355 1557 1426 utriusque
1598 1354 1726 1423 juris
1771 1357 1989 1411 auctori-

264 1462 363 1504 tate
400 1450 592 1505 nititur.

340 1542 689 1617 Interpretatio
727 1542 1007 1616 judicialis
1049 1554 1148 1611 θεῖ,
1192 1561 1319 1615 qnae
1362 1542 1418 1597 fit
1460 1563 1489 1598 a
1530 1542 1728 1613 judice,
1772 1543 1893 1598 dum
1935 1546 1988 1599 in

261 1637 465 1692 ferenda
509 1638 750 1692 sententia
792 1638 872 1707 jus
917 1637 1132 1708 allegat,
1177 1636 1402 1710 illudque
1451 1638 1823 1710 interpretatur.
1885 1635 1987 1693 Sed

262 1732 559 1802 hujusmodi
604 1732 948 1805 interpretatio
993 1730 1200 1806 perinde
1244 1752 1300 1787 ac
1345 1733 1608 1800 sententia,
1645 1743 1691 1786 et
1735 1752 1811 1788 res
1853 1732 1987 1803 judi-

260 1839 370 1881 cata
413 1828 542 1881 inter
585 1825 719 1882 solos
763 1825 1015 1896 litigantes
1058 1828 1137 1896 jus
1180 1825 1321 1896 facit,
1366 1826 1481 1881 aliis
1527 1845 1642 1881 vero
1687 1845 1774 1881 nec
1819 1839 1983 1896 nocet,

259 1940 347 1975 nec
391 1921 596 1994 prodest
638 1920 672 1975 l.
724 1923 755 1973 2
801 1919 930 1976 Cod.
974 1921 1156 1992 quibus
1197 1938 1277 1975 res
1315 1921 1561 1993 judicata
1611 1939 1714 1974 non
1773 1931 1986 1991 noceat,

259 2026 307 2069 et
351 2035 393 2070 c.
445 2016 511 2067 17
560 2015 621 2069 de
665 2026 792 2070 sent.
838 2027 885 2069 et
927 2035 979 2070 re
1021 2015 1271 2085 judicat„
1316 2016 1413 2069 nisi
1475 2034 1655 2070 causae
1715 2016 1814 2069 sint·
1871 2035 1987 2071 con-

258 2129 452 2179 nexae3
498 2109 682 2182 quibus
729 2110 789 2164 de
835 2109 982 2165 rebus
1026 2109 1122 2164 late
1166 2109 1419 2165 disserunt
1463 2108 1704 2165 Doctores
1756 2109 1820 2164 ad
1873 2110 1988 2164 titu-

258 2204 361 2259 lum
406 2203 743 2259 Decretalium
787 2204 848 2258 de
891 2204 1140 2259 sententia
1184 2215 1228 2258 ct
1271 2222 1325 2258 ‘re
1362 2203 1627 2277 judicata.

337 2298 660 2352 Doctrinalis
713 2298 926 2371 denique
976 2299 1318 2372 interpretatio
1362 2311 1469 2367 θεῖ,
1512 2318 1638 2371 quae
1665 2299 1719 2352 fit
1753 2318 1780 2352 a
1823 2296 1984 2353 Juris-

253 2394 465 2466 peritis9
527 2393 739 2465 aliisque
801 2394 923 2447 viris
988 2393 1186 2462 doctis,
1247 2393 1333 2465 qui
1372 2392 1566 2463 legibus
1609 2391 1983 2464 canonibusque

257 2486 644 2561 interpretandis
672 2505 876 2561 operam
921 2498 1122 2542 navant.
1171 2485 1367 2542 Horum
1410 2487 1848 2560 interpretationes
1877 2497 1985 2540 tan-

258 2592 360 2634 tum
404 2581 586 2649 valent,
613 2592 853 2653 quantum
897 2581 1114 2655 probant
1157 2583 1376 2637 rationes
1419 2593 1468 2636 et
1511 2591 1824 2651 argumenta,
1851 2598 1979 2652 quae

255 2675 318 2728 ab
378 2677 502 2749 ipsis
565 2674 873 2744 afferuntur,
935 2687 981 2729 et
1042 2675 1188 2730 aliter
1232 2677 1412 2730 sentire
1455 2677 1704 2745 integrum
1749 2686 1821 2729 est
1865 2676 1974 2729 uni-

255 2769 458 2840 cuique.

335 2859 457 2915 Pius
502 2861 589 2918 IV.
642 2865 690 2917 in
739 2883 825 2918 sua
874 2861 1241 2919 Constitutione
1278 2863 1585 2919 Benedictus
1622 2867 1759 2917 Deus
1787 2864 1975 2931 omnia,
