2114 3289
338 124 411 173 52
455 139 546 175 LIB.
572 139 620 174 11.
644 139 689 174 C.
719 138 751 172 1.
781 137 840 171 DE
868 138 916 171 R.
948 135 1210 172 PONTIFrcE
1238 136 1410 180 EJUSQ.
1434 134 1776 171 ADJUTORIBUS

253 240 356 297 lius
414 241 633 314 1115191115
674 243 868 294 Doctor
927 236 1258 306 SorbonicuS,
1321 248 1367 293 et
1427 238 1621 311 Reqius
1671 239 1717 291 T
1716 234 1978 308 keoloqiae

251 339 518 411 Professor
585 337 644 390 in
708 334 1046 389 Universitate
1105 334 1395 389 Parisiensi
1455 334 1773 390 Primarz'us.
1837 331 1980 387 Idem

253 434 504 506 praestitit
547 431 699 485 etiam
743 427 896 484 Veith
937 429 990 484 in
1017 447 1184 503 opere,
1211 428 1348 502 quod
1374 429 1668 484 inscribitur
1690 461 1713 470 -
1738 426 1975 482 Richerii

252 537 466 597 systema
516 523 835 597 confutatum
882 556 921 582 —.
966 521 1062 579 His
1125 521 1627 579 condemnationibus
1690 521 1978 578 Concilium

254 618 636 686 Constantiense
678 618 783 688 jam
826 617 1127 692 praeiverat,
1169 616 1300 671 hanc
1325 614 1553 672 Wicleffi
1580 617 1979 690 propositionem

253 712 429 768 ordine
493 716 562 767 37
627 710 1046 767 condemnando:
1108 713 1214 766 Nec
1273 712 1425 782 Papa
1484 719 1553 764 est
1603 709 1882 781 promimus
1933 718 1979 762 et

249 806 582 861 immediatus
633 806 868 864 Vicarius
911 805 1119 862 Christi.
1163 803 1302 860 Haec
1339 803 1593 877 siquidem
1619 815 1692 859 est
1717 805 1976 878 ipsissima

250 899 656 957 Richeristarum
709 902 970 966 sententia.
1032 898 1135 956 Sed
1178 898 1381 954 demum
1424 896 1696 954 Richerius
1738 901 1845 973 ipse
1890 896 1976 952 de-

251 995 614 1051 clarationibus
657 995 806 1051 editis
849 1014 1071 1050 errorem
1114 995 1351 1065 cognovit
1392 1005 1440 1048 et
1480 992 1790 1067 reprobavit,
1830 1010 1981 1065 seque

254 1088 538 1145 doctrinam
582 1108 746 1158 suam,
772 1108 859 1146 seu
900 1090 1066 1164 potius
1110 1087 1383 1158 haeresim,
1426 1105 1490 1142 ex
1532 1085 1748 1162 putridis
1793 1084 1981 1141 Luthe-

251 1185 296 1239 ri
339 1194 385 1239 et
427 1182 628 1240 Calvini
672 1184 894 1240 fontibus
939 1183 1169 1238 hausisse
1211 1181 1468 1256 professus
1511 1193 1619 1237 est:
1665 1199 1973 1254 quamquam

254 1297 317 1333 an
359 1281 412 1334 in
455 1297 545 1334 sua
589 1279 941 1334 retractatione
984 1289 1251 1347 constanS‚
1296 1296 1359 1332 an
1403 1277 1573 1332 varius
1615 1274 1802 1344 fuerit,
1847 1274 1977 1330 nihil

254 1371 376 1428 facit
417 1371 483 1429 ad
526 1391 632 1428 rem
673 1384 1006 1447 praesentem,
1043 1373 1095 1426 in
1138 1390 1237 1444 qua
1280 1390 1379 1427 non
1423 1370 1485 1425 de
1529 1371 1725 1426 sincera
1768 1381 1814 1424 et
1857 1388 1975 1424 con-

254 1467 405 1522 stanti
449 1465 796 1523 emendatione
844 1464 1112 1536 Richerii,
1157 1464 1244 1521 sed
1288 1465 1349 1520 de
1393 1466 1552 1540 ipsius
1597 1464 1828 1521 doctrina
1872 1463 1976 1519 dis-

254 1573 506 1635 putamus,

334 1655 434 1711 Sed
487 1657 592 1727 jam
642 1656 872 1711 doctrina
916 1655 1165 1711 catholica
1209 1655 1504 1730 exponenda
1547 1667 1638 1711 est.
1701 1652 1865 1725 Igitur
1907 1651 1981 1707 af-

255 1749 552 1819 firmamus,
614 1768 811 1805 omnem
865 1761 1158 1823 potestatem
1202 1749 1596 1804 ecclesiasticam
1640 1746 1695 1804 S.
1740 1746 1892 1803 Petro
1935 1758 1982 1801 et

254 1842 542 1919 Apostolis‚
586 1845 748 1918 iisque
791 1844 912 1899 solis
956 1844 1201 1899 divinitus
1257 1844 1498 1899 tributam
1543 1842 1723 1912 fuisse,
1768 1842 1981 1915 ideoque

255 1940 381 1996 duos
424 1941 575 2011 hujtls
618 1941 877 2014 potestatis
920 1938 1111 2010 gradus
1156 1938 1329 1995 divino
1366 1940 1475 2010 jure
1503 1941 1797 1994 constitutos
1825 1956 1983 2008 agno-

255 2036 480 2104 scimus,
525 2053 739 2107 quorum
782 2035 1002 2108 primum
1046 2046 1176 2089 tenet
1219 2032 1458 2089 Summus
1503 2031 1777 2102 PontifeX‚
1821 2044 1868 2087 et
1910 2031 1983 2086 al-

255 2141 415 2184 terum
476 2126 752 2202 Episcopi:
806 2127 1044 2185 Summus
1089 2127 1294 2201 quidem
1337 2127 1577 2184 Pontifex
1620 2140 1879 2200 tamquam
1923 2124 1978 2182 S.

254 2223 395 2279 Petri
423 2221 714 2292 Successor,
741 2222 982 2298 Episcopi
1011 2242 1128 2278 vero
1174 2235 1433 2296 tamquam
1478 2220 1804 2278 Successores
1847 2219 1985 2295 Apo-

256 2318 517 2374 stolorum.
561 2317 636 2372 De
678 2317 860 2390 quibus
905 2320 1118 2375 seorsim
1162 2317 1494 2391 distincteque
1538 2316 1856 2372 tractandum
1888 2327 1980 2371 est.

315 2492 513 2545 Quidam
560 2491 815 2549 opinantur
858 2491 1088 2537 Parochos
1124 2504 1149 2536 a
1185 2491 1370 2538 Christo
1410 2491 1656 2537 institutos
1691 2488 1867 2543 fuisse,
1906 2501 1990 2534 eo-

249 2585 444 2629 rumque
479 2572 687 2617 divinam
723 2572 957 2629 originem
993 2579 1212 2630 repetunt
1235 2585 1259 2617 a
1284 2572 1585 2630 septuaginta
1620 2570 1799 2616 duobus
1834 2569 1991 2614 Disci-

251 2653 404 2711 pulis‚
440 2666 557 2710 quos
592 2654 691 2711 ipse
726 2652 938 2698 Christus
975 2653 1149 2711 elegit,
1188 2659 1234 2698 et
1271 2653 1445 2698 idcirco
1484 2658 1668 2709 praeter
1716 2650 1988 2696 Pontificem

253 2741 299 2779 et
344 2734 602 2792 Episcopos
649 2734 840 2779 tertium
889 2735 1188 2779 constituunt
1235 2734 1284 2778 in
1328 2732 1604 2778 Hierarchia
1638 2728 1988 2788 jurisdictionis

252 2815 464 2872 gradum,
489 2815 535 2859 iu
566 2828 657 2872 quo
694 2814 924 2860 parochos
960 2815 1182 2860 locandos
1219 2827 1318 2860 esse
1353 2810 1460 2870 jure
1496 2813 1656 2857 divino
1696 2812 1985 2858 existimant.

254 2896 422 2940 Verum
471 2896 584 2942 haec
625 2896 787 2954 opinio
821 2896 878 2943 de
913 2897 1075 2942 divina
1113 2895 1424 2942 Parochorum
1462 2894 1761 2941 institutione
1799 2905 1823 2939 a
1859 2892 1986 2940 cclc-
