<?xml version="1.0" encoding="UTF-8"?>
<!DOCTYPE html PUBLIC "-//W3C//DTD XHTML 1.0 Transitional//EN"
    "http://www.w3.org/TR/xhtml1/DTD/xhtml1-transitional.dtd">
<html xmlns="http://www.w3.org/1999/xhtml" xml:lang="en" lang="en">
 <head>
  <title>
</title>
<meta http-equiv="Content-Type" content="text/html;charset=utf-8" />
  <meta name='ocr-system' content='tesseract 3.04.00' />
  <meta name='ocr-capabilities' content='ocr_page ocr_carea ocr_par ocr_line ocrx_word'/>
</head>
<body>
  <div class='ocr_page' id='page_1' title='image "./joanniscardinali00sogl_0058.png"; bbox 0 0 2114 3289; ppageno 0'>
   <div class='ocr_carea' id='block_1_1' title="bbox 355 122 1678 452">
    <p class='ocr_par' dir='ltr' id='par_1_1' title="bbox 355 122 1678 452">
     <span class='ocr_line' id='line_1_1' title="bbox 355 122 1678 210; baseline 0.004 -24"><span class='ocrx_word' id='word_1_1' title='bbox 355 134 451 186; x_wconf 64' lang='lat'>40&#39;</span> <span class='ocrx_word' id='word_1_2' title='bbox 601 153 715 189; x_wconf 84' lang='lat' dir='ltr'><strong>GAP.</strong></span> <span class='ocrx_word' id='word_1_3' title='bbox 761 152 812 187; x_wconf 87' lang='lat' dir='ltr'>n.</span> <span class='ocrx_word' id='word_1_4' title='bbox 860 152 918 187; x_wconf 72' lang='lat' dir='ltr'>nn</span> <span class='ocrx_word' id='word_1_5' title='bbox 964 122 1393 210; x_wconf 70' lang='lat' dir='ltr'>Fonrinnsinms</span> <span class='ocrx_word' id='word_1_6' title='bbox 1436 156 1678 193; x_wconf 77' lang='grc' dir='ltr'>οΑΝοΝιοι</span> 
     </span>
     <span class='ocr_line' id='line_1_2' title="bbox 1041 264 1226 340; baseline 0 -14"><span class='ocrx_word' id='word_1_7' title='bbox 1041 264 1084 340; x_wconf 74' lang='lat'>§-</span> <span class='ocrx_word' id='word_1_8' title='bbox 1136 273 1226 326; x_wconf 71' lang='lat'>21.</span> 
     </span>
     <span class='ocr_line' id='line_1_3' title="bbox 849 405 1415 452; baseline 0.002 -3"><span class='ocrx_word' id='word_1_9' title='bbox 849 405 922 449; x_wconf 88' lang='lat' dir='ltr'>DE</span> <span class='ocrx_word' id='word_1_10' title='bbox 962 405 1415 452; x_wconf 82' lang='lat' dir='ltr'>CONSUETUDINE</span> 
     </span>
    </p>
   </div>
   <div class='ocr_carea' id='block_1_2' title="bbox 247 548 1996 2989">
    <p class='ocr_par' dir='ltr' id='par_1_2' title="bbox 247 548 1996 2800">
     <span class='ocr_line' id='line_1_4' title="bbox 346 548 1996 626; baseline 0.002 -18"><span class='ocrx_word' id='word_1_11' title='bbox 346 548 427 608; x_wconf 80' lang='lat' dir='ltr'>Ad</span> <span class='ocrx_word' id='word_1_12' title='bbox 471 552 792 608; x_wconf 79' lang='lat' dir='ltr'>traditionem</span> <span class='ocrx_word' id='word_1_13' title='bbox 819 549 1124 608; x_wconf 89' lang='lat' dir='ltr'>Canonistae</span> <span class='ocrx_word' id='word_1_14' title='bbox 1167 554 1326 609; x_wconf 83' lang='lat' dir='ltr'>solent</span> <span class='ocrx_word' id='word_1_15' title='bbox 1370 553 1644 626; x_wconf 84' lang='lat' dir='ltr'>adjungere</span> <span class='ocrx_word' id='word_1_16' title='bbox 1669 556 1996 612; x_wconf 78' lang='lat' dir='ltr'>consuetudi-</span> 
     </span>
     <span class='ocr_line' id='line_1_5' title="bbox 269 647 1993 722; baseline 0.003 -21"><span class='ocrx_word' id='word_1_17' title='bbox 269 666 405 718; x_wconf 75' lang='lat' dir='ltr'>nem,</span> <span class='ocrx_word' id='word_1_18' title='bbox 449 667 548 703; x_wconf 90' lang='lat' dir='ltr'>non</span> <span class='ocrx_word' id='word_1_19' title='bbox 593 647 729 720; x_wconf 85' lang='lat' dir='ltr'>quod</span> <span class='ocrx_word' id='word_1_20' title='bbox 774 648 1080 716; x_wconf 76' lang='lat' dir='ltr'>existiment,</span> <span class='ocrx_word' id='word_1_21' title='bbox 1142 648 1416 720; x_wconf 89' lang='lat' dir='ltr'>quamdam</span> <span class='ocrx_word' id='word_1_22' title='bbox 1459 660 1652 722; x_wconf 88' lang='lat' dir='ltr'>partem</span> <span class='ocrx_word' id='word_1_23' title='bbox 1704 650 1993 706; x_wconf 82' lang='lat' dir='ltr'>traditionis</span> 
     </span>
     <span class='ocr_line' id='line_1_6' title="bbox 265 741 1988 818; baseline 0.001 -20"><span class='ocrx_word' id='word_1_24' title='bbox 265 762 391 812; x_wconf 88' lang='lat' dir='ltr'>esse,</span> <span class='ocrx_word' id='word_1_25' title='bbox 435 742 522 797; x_wconf 90' lang='lat' dir='ltr'>sed</span> <span class='ocrx_word' id='word_1_26' title='bbox 566 741 701 815; x_wconf 90' lang='lat' dir='ltr'>quod</span> <span class='ocrx_word' id='word_1_27' title='bbox 753 755 961 815; x_wconf 89' lang='lat' dir='ltr'>utraque</span> <span class='ocrx_word' id='word_1_28' title='bbox 1005 741 1070 796; x_wconf 89' lang='lat' dir='ltr'>ad</span> <span class='ocrx_word' id='word_1_29' title='bbox 1129 742 1208 812; x_wconf 85' lang='lat' dir='ltr'>jus</span> <span class='ocrx_word' id='word_1_30' title='bbox 1262 761 1361 798; x_wconf 92' lang='lat' dir='ltr'>non</span> <span class='ocrx_word' id='word_1_31' title='bbox 1421 744 1664 817; x_wconf 83' lang='lat' dir='ltr'>scriptum</span> <span class='ocrx_word' id='word_1_32' title='bbox 1725 746 1988 818; x_wconf 75' lang='lat' dir='ltr'>pertineat,</span> 
     </span>
     <span class='ocr_line' id='line_1_7' title="bbox 264 836 1995 910; baseline 0.002 -20"><span class='ocrx_word' id='word_1_33' title='bbox 264 836 674 910; x_wconf 87' lang='lat' dir='ltr'>quandoquidem</span> <span class='ocrx_word' id='word_1_34' title='bbox 717 837 812 893; x_wconf 84' lang='lat' dir='ltr'>hoc</span> <span class='ocrx_word' id='word_1_35' title='bbox 854 836 934 906; x_wconf 84' lang='lat' dir='ltr'>jus</span> <span class='ocrx_word' id='word_1_36' title='bbox 979 855 1041 890; x_wconf 87' lang='lat' dir='ltr'>ex</span> <span class='ocrx_word' id='word_1_37' title='bbox 1083 836 1353 892; x_wconf 82' lang='lat' dir='ltr'>traditione</span> <span class='ocrx_word' id='word_1_38' title='bbox 1396 849 1443 892; x_wconf 89' lang='lat' dir='ltr'>et</span> <span class='ocrx_word' id='word_1_39' title='bbox 1485 837 1842 893; x_wconf 85' lang='lat' dir='ltr'>consuetudine</span> <span class='ocrx_word' id='word_1_40' title='bbox 1878 858 1995 893; x_wconf 82' lang='lat' dir='ltr'>oon-</span> 
     </span>
     <span class='ocr_line' id='line_1_8' title="bbox 264 928 1987 1009; baseline 0.001 -24"><span class='ocrx_word' id='word_1_41' title='bbox 264 931 445 986; x_wconf 84' lang='lat' dir='ltr'>fieitur.</span> <span class='ocrx_word' id='word_1_42' title='bbox 509 928 831 986; x_wconf 86' lang='lat' dir='ltr'>Consuetudo</span> <span class='ocrx_word' id='word_1_43' title='bbox 885 942 1050 985; x_wconf 91' lang='lat' dir='ltr'>autem</span> <span class='ocrx_word' id='word_1_44' title='bbox 1092 942 1165 986; x_wconf 90' lang='lat' dir='ltr'>est</span> <span class='ocrx_word' id='word_1_45' title='bbox 1221 932 1301 1001; x_wconf 86' lang='lat' dir='ltr'>jus</span> <span class='ocrx_word' id='word_1_46' title='bbox 1362 931 1622 987; x_wconf 82' lang='lat' dir='ltr'>inductum</span> <span class='ocrx_word' id='word_1_47' title='bbox 1684 932 1987 1009; x_wconf 87' lang='lat' dir='ltr'>populorum</span> 
     </span>
     <span class='ocr_line' id='line_1_9' title="bbox 263 1023 1993 1099; baseline 0.001 -19"><span class='ocrx_word' id='word_1_48' title='bbox 263 1026 487 1081; x_wconf 88' lang='lat' dir='ltr'>moribus</span> <span class='ocrx_word' id='word_1_49' title='bbox 516 1037 562 1081; x_wconf 89' lang='lat' dir='ltr'>et</span> <span class='ocrx_word' id='word_1_50' title='bbox 589 1043 680 1080; x_wconf 90' lang='lat' dir='ltr'>usu</span> <span class='ocrx_word' id='word_1_51' title='bbox 708 1024 945 1081; x_wconf 88' lang='lat' dir='ltr'>diuturno</span> <span class='ocrx_word' id='word_1_52' title='bbox 974 1042 1086 1079; x_wconf 86' lang='lat' dir='ltr'>cum</span> <span class='ocrx_word' id='word_1_53' title='bbox 1129 1044 1368 1099; x_wconf 76' lang='lat' dir='ltr'>expresso</span> <span class='ocrx_word' id='word_1_54' title='bbox 1413 1026 1489 1080; x_wconf 84' lang='lat' dir='ltr'>vel</span> <span class='ocrx_word' id='word_1_55' title='bbox 1526 1027 1678 1081; x_wconf 84' lang='lat' dir='ltr'>tacito</span> <span class='ocrx_word' id='word_1_56' title='bbox 1710 1023 1993 1097; x_wconf 85' lang='lat' dir='ltr'>Legislato-</span> 
     </span>
     <span class='ocr_line' id='line_1_10' title="bbox 261 1117 1990 1193; baseline 0.001 -19"><span class='ocrx_word' id='word_1_57' title='bbox 261 1122 330 1174; x_wconf 86' lang='lat' dir='ltr'>ris</span> <span class='ocrx_word' id='word_1_58' title='bbox 375 1139 636 1176; x_wconf 70' lang='lat' dir='ltr'>consensit.</span> <span class='ocrx_word' id='word_1_59' title='bbox 682 1117 1004 1174; x_wconf 86' lang='lat' dir='ltr'>Consuetudo</span> <span class='ocrx_word' id='word_1_60' title='bbox 1065 1118 1312 1174; x_wconf 87' lang='lat' dir='ltr'>dividitur</span> <span class='ocrx_word' id='word_1_61' title='bbox 1354 1118 1376 1173; x_wconf 94' lang='lat' dir='ltr'>I</span> <span class='ocrx_word' id='word_1_62' title='bbox 1420 1122 1472 1174; x_wconf 92' lang='lat' dir='ltr'>in</span> <span class='ocrx_word' id='word_1_63' title='bbox 1514 1139 1645 1189; x_wconf 89' lang='lat' dir='ltr'>eam,</span> <span class='ocrx_word' id='word_1_64' title='bbox 1707 1139 1859 1193; x_wconf 89' lang='lat' dir='ltr'>quam</span> <span class='ocrx_word' id='word_1_65' title='bbox 1904 1140 1990 1176; x_wconf 91' lang='lat' dir='ltr'>vo-</span> 
     </span>
     <span class='ocr_line' id='line_1_11' title="bbox 262 1213 1990 1288; baseline 0 -19"><span class='ocrx_word' id='word_1_66' title='bbox 262 1226 375 1269; x_wconf 82' lang='lat' dir='ltr'>cant</span> <span class='ocrx_word' id='word_1_67' title='bbox 418 1214 696 1268; x_wconf 73' lang='lat' dir='ltr'>secundum</span> <span class='ocrx_word' id='word_1_68' title='bbox 738 1213 918 1284; x_wconf 71' lang='lat' dir='ltr'>leyem,</span> <span class='ocrx_word' id='word_1_69' title='bbox 962 1233 1090 1287; x_wconf 89' lang='lat' dir='ltr'>quae</span> <span class='ocrx_word' id='word_1_70' title='bbox 1133 1215 1336 1288; x_wconf 83' lang='lat' dir='ltr'>proprie</span> <span class='ocrx_word' id='word_1_71' title='bbox 1386 1213 1692 1270; x_wconf 83' lang='lat' dir='ltr'>consuetudo</span> <span class='ocrx_word' id='word_1_72' title='bbox 1756 1234 1853 1270; x_wconf 91' lang='lat' dir='ltr'>non</span> <span class='ocrx_word' id='word_1_73' title='bbox 1897 1227 1990 1284; x_wconf 87' lang='lat' dir='ltr'>est,</span> 
     </span>
     <span class='ocr_line' id='line_1_12' title="bbox 261 1308 1988 1385; baseline -0.001 -19"><span class='ocrx_word' id='word_1_74' title='bbox 261 1311 348 1366; x_wconf 91' lang='lat' dir='ltr'>sed</span> <span class='ocrx_word' id='word_1_75' title='bbox 393 1312 557 1385; x_wconf 90' lang='lat' dir='ltr'>potius</span> <span class='ocrx_word' id='word_1_76' title='bbox 604 1311 803 1383; x_wconf 86' lang='lat' dir='ltr'>scriptis</span> <span class='ocrx_word' id='word_1_77' title='bbox 847 1309 1041 1380; x_wconf 81' lang='lat' dir='ltr'>legibus</span> <span class='ocrx_word' id='word_1_78' title='bbox 1086 1310 1467 1384; x_wconf 82' lang='lat' dir='ltr'>obtemperatio,</span> <span class='ocrx_word' id='word_1_79' title='bbox 1513 1308 1588 1364; x_wconf 93' lang='lat' dir='ltr'>De</span> <span class='ocrx_word' id='word_1_80' title='bbox 1631 1310 1727 1365; x_wconf 84' lang='lat' dir='ltr'>hae</span> <span class='ocrx_word' id='word_1_81' title='bbox 1781 1329 1988 1366; x_wconf 87' lang='lat' dir='ltr'>eonsue-</span> 
     </span>
     <span class='ocr_line' id='line_1_13' title="bbox 258 1400 1987 1477; baseline -0.001 -17"><span class='ocrx_word' id='word_1_82' title='bbox 258 1405 429 1460; x_wconf 91' lang='lat' dir='ltr'>tudine</span> <span class='ocrx_word' id='word_1_83' title='bbox 474 1403 747 1460; x_wconf 86' lang='lat' dir='ltr'>Gratianus</span> <span class='ocrx_word' id='word_1_84' title='bbox 791 1423 980 1460; x_wconf 84' lang='lat' dir='ltr'>canone</span> <span class='ocrx_word' id='word_1_85' title='bbox 1017 1408 1046 1459; x_wconf 86' lang='lat'><strong>3</strong></span> <span class='ocrx_word' id='word_1_86' title='bbox 1080 1400 1126 1476; x_wconf 63' lang='lat' dir='ltr'>S.</span> <span class='ocrx_word' id='word_1_87' title='bbox 1156 1407 1328 1475; x_wconf 72' lang='lat' dir='ltr'>LeyeS,</span> <span class='ocrx_word' id='word_1_88' title='bbox 1357 1403 1477 1460; x_wconf 89' lang='lat' dir='ltr'>dist.</span> <span class='ocrx_word' id='word_1_89' title='bbox 1524 1407 1576 1459; x_wconf 77' lang='lat'>4:</span> <span class='ocrx_word' id='word_1_90' title='bbox 1608 1407 1777 1476; x_wconf 66' lang='lat' dir='ltr'>Le9e3,</span> <span class='ocrx_word' id='word_1_91' title='bbox 1805 1406 1987 1477; x_wconf 87' lang='lat' dir='ltr'>inquit,</span> 
     </span>
     <span class='ocr_line' id='line_1_14' title="bbox 254 1498 1991 1571; baseline -0.001 -18"><span class='ocrx_word' id='word_1_92' title='bbox 254 1499 632 1554; x_wconf 75' lang='lat' dir='ltr'>constituuntur</span> <span class='ocrx_word' id='word_1_93' title='bbox 671 1517 786 1551; x_wconf 76' lang='lat' dir='ltr'>cum</span> <span class='ocrx_word' id='word_1_94' title='bbox 819 1498 1240 1570; x_wconf 70' lang='lat' dir='ltr'>promulyantur,</span> <span class='ocrx_word' id='word_1_95' title='bbox 1261 1498 1540 1571; x_wconf 78' lang='lat' dir='ltr'>firmantur</span> <span class='ocrx_word' id='word_1_96' title='bbox 1564 1517 1683 1552; x_wconf 77' lang='lat' dir='ltr'>vero</span> <span class='ocrx_word' id='word_1_97' title='bbox 1728 1517 1843 1552; x_wconf 80' lang='lat' dir='ltr'>cum</span> <span class='ocrx_word' id='word_1_98' title='bbox 1885 1517 1991 1552; x_wconf 88' lang='lat' dir='ltr'>mo-</span> 
     </span>
     <span class='ocr_line' id='line_1_15' title="bbox 254 1593 1990 1667; baseline -0.001 -19"><span class='ocrx_word' id='word_1_99' title='bbox 254 1594 396 1648; x_wconf 72' lang='lat' dir='ltr'>ribus</span> <span class='ocrx_word' id='word_1_100' title='bbox 419 1594 673 1648; x_wconf 77' lang='lat' dir='ltr'>utentium</span> <span class='ocrx_word' id='word_1_101' title='bbox 700 1593 1069 1665; x_wconf 77' lang='lat' dir='ltr'>approbantur:</span> <span class='ocrx_word' id='word_1_102' title='bbox 1114 1612 1241 1665; x_wconf 89' lang='lat' dir='ltr'>qnae</span> <span class='ocrx_word' id='word_1_103' title='bbox 1285 1593 1436 1648; x_wconf 84' lang='lat' dir='ltr'>verba</span> <span class='ocrx_word' id='word_1_104' title='bbox 1463 1611 1560 1648; x_wconf 94' lang='lat' dir='ltr'>non</span> <span class='ocrx_word' id='word_1_105' title='bbox 1587 1594 1655 1648; x_wconf 90' lang='lat' dir='ltr'>ita</span> <span class='ocrx_word' id='word_1_106' title='bbox 1694 1593 1990 1667; x_wconf 83' lang='lat' dir='ltr'>accipienda</span> 
     </span>
     <span class='ocr_line' id='line_1_16' title="bbox 257 1687 1989 1761; baseline -0.001 -18"><span class='ocrx_word' id='word_1_107' title='bbox 257 1701 389 1758; x_wconf 88' lang='lat' dir='ltr'>sunt,</span> <span class='ocrx_word' id='word_1_108' title='bbox 424 1690 567 1760; x_wconf 89' lang='lat' dir='ltr'>quasi</span> <span class='ocrx_word' id='word_1_109' title='bbox 613 1688 887 1761; x_wconf 86' lang='lat' dir='ltr'>acceptatio</span> <span class='ocrx_word' id='word_1_110' title='bbox 930 1688 1102 1761; x_wconf 87' lang='lat' dir='ltr'>populi</span> <span class='ocrx_word' id='word_1_111' title='bbox 1148 1687 1212 1741; x_wconf 87' lang='lat' dir='ltr'>ad</span> <span class='ocrx_word' id='word_1_112' title='bbox 1257 1688 1355 1742; x_wconf 89' lang='lat' dir='ltr'>vim</span> <span class='ocrx_word' id='word_1_113' title='bbox 1400 1699 1446 1742; x_wconf 91' lang='lat' dir='ltr'>et</span> <span class='ocrx_word' id='word_1_114' title='bbox 1487 1687 1777 1742; x_wconf 73' lang='lat' dir='ltr'>&#39;firmitatem</span> <span class='ocrx_word' id='word_1_115' title='bbox 1820 1687 1989 1758; x_wconf 85' lang='lat' dir='ltr'>legum</span> 
     </span>
     <span class='ocr_line' id='line_1_17' title="bbox 257 1780 1992 1857; baseline -0.001 -20"><span class='ocrx_word' id='word_1_116' title='bbox 257 1785 520 1857; x_wconf 88' lang='lat' dir='ltr'>pertineat,</span> <span class='ocrx_word' id='word_1_117' title='bbox 549 1782 656 1851; x_wconf 89' lang='lat' dir='ltr'>sed,</span> <span class='ocrx_word' id='word_1_118' title='bbox 686 1781 1113 1855; x_wconf 88' lang='lat' dir='ltr'>quemadmodum</span> <span class='ocrx_word' id='word_1_119' title='bbox 1140 1780 1406 1853; x_wconf 85' lang='lat' dir='ltr'>Fagnanus</span> <span class='ocrx_word' id='word_1_120' title='bbox 1434 1783 1484 1836; x_wconf 93' lang='lat' dir='ltr'>in</span> <span class='ocrx_word' id='word_1_121' title='bbox 1512 1801 1622 1855; x_wconf 80' lang='lat' dir='ltr'>cap.</span> <span class='ocrx_word' id='word_1_122' title='bbox 1649 1783 1673 1834; x_wconf 93' lang='lat'>1</span> <span class='ocrx_word' id='word_1_123' title='bbox 1709 1781 1770 1836; x_wconf 91' lang='lat' dir='ltr'>de</span> <span class='ocrx_word' id='word_1_124' title='bbox 1796 1793 1921 1853; x_wconf 85' lang='lat' dir='ltr'>treg.</span> <span class='ocrx_word' id='word_1_125' title='bbox 1944 1794 1992 1837; x_wconf 90' lang='lat' dir='ltr'>et</span> 
     </span>
     <span class='ocr_line' id='line_1_18' title="bbox 255 1875 1982 1951; baseline -0.002 -18"><span class='ocrx_word' id='word_1_126' title='bbox 255 1897 364 1951; x_wconf 78' lang='lat' dir='ltr'>pac,</span> <span class='ocrx_word' id='word_1_127' title='bbox 411 1896 523 1931; x_wconf 87' lang='lat' dir='ltr'>cnm</span> <span class='ocrx_word' id='word_1_128' title='bbox 567 1877 681 1931; x_wconf 79' lang='lat' dir='ltr'>aliis</span> <span class='ocrx_word' id='word_1_129' title='bbox 724 1875 1028 1931; x_wconf 79' lang='lat' dir='ltr'>Doctoribns</span> <span class='ocrx_word' id='word_1_130' title='bbox 1071 1875 1215 1930; x_wconf 81' lang='lat' dir='ltr'>docte</span> <span class='ocrx_word' id='word_1_131' title='bbox 1241 1888 1469 1949; x_wconf 84' lang='lat' dir='ltr'>recteque</span> <span class='ocrx_word' id='word_1_132' title='bbox 1515 1877 1888 1949; x_wconf 85' lang='lat' dir='ltr'>interpretatur,</span> <span class='ocrx_word' id='word_1_133' title='bbox 1925 1895 1982 1930; x_wconf 91' lang='lat' dir='ltr'>ea</span> 
     </span>
     <span class='ocr_line' id='line_1_19' title="bbox 257 1969 1982 2045; baseline -0.001 -19"><span class='ocrx_word' id='word_1_134' title='bbox 257 1973 404 2026; x_wconf 85' lang='lat' dir='ltr'>verba</span> <span class='ocrx_word' id='word_1_135' title='bbox 433 1972 503 2025; x_wconf 78' lang='lat' dir='ltr'>ad</span> <span class='ocrx_word' id='word_1_136' title='bbox 522 1971 821 2045; x_wconf 71' lang='lat' dir='ltr'>firmitatem</span> <span class='ocrx_word' id='word_1_137' title='bbox 849 1970 999 2041; x_wconf 72' lang='lat' dir='ltr'>facti,</span> <span class='ocrx_word' id='word_1_138' title='bbox 1038 1989 1139 2023; x_wconf 76' lang='lat' dir='ltr'>non</span> <span class='ocrx_word' id='word_1_139' title='bbox 1175 1970 1321 2043; x_wconf 76' lang='lat' dir='ltr'>juris</span> <span class='ocrx_word' id='word_1_140' title='bbox 1362 1971 1676 2042; x_wconf 75' lang='lat' dir='ltr'>referuntur.</span> <span class='ocrx_word' id='word_1_141' title='bbox 1721 1969 1982 2025; x_wconf 80' lang='lat' dir='ltr'>Dividitur</span> 
     </span>
     <span class='ocr_line' id='line_1_20' title="bbox 256 2057 1979 2139; baseline 0 -20"><span class='ocrx_word' id='word_1_142' title='bbox 256 2057 305 2119; x_wconf 91' lang='grc' dir='ltr'>ΙΙ</span> <span class='ocrx_word' id='word_1_143' title='bbox 348 2068 398 2120; x_wconf 92' lang='lat' dir='ltr'>in</span> <span class='ocrx_word' id='word_1_144' title='bbox 443 2066 872 2133; x_wconf 79' lang='lat' dir='ltr'>consuetudinem,</span> <span class='ocrx_word' id='word_1_145' title='bbox 934 2084 1061 2138; x_wconf 89' lang='lat' dir='ltr'>qnae</span> <span class='ocrx_word' id='word_1_146' title='bbox 1113 2075 1323 2137; x_wconf 78' lang='lat' dir='ltr'>praeter</span> <span class='ocrx_word' id='word_1_147' title='bbox 1368 2065 1461 2137; x_wconf 75' lang='lat' dir='ltr'>jus</span> <span class='ocrx_word' id='word_1_148' title='bbox 1503 2065 1808 2139; x_wconf 87' lang='lat' dir='ltr'>appellatur,</span> <span class='ocrx_word' id='word_1_149' title='bbox 1852 2084 1979 2137; x_wconf 89' lang='lat' dir='ltr'>quae</span> 
     </span>
     <span class='ocr_line' id='line_1_21' title="bbox 253 2140 1980 2233; baseline -0.001 -18"><span class='ocrx_word' id='word_1_150' title='bbox 253 2161 442 2216; x_wconf 83' lang='lat' dir='ltr'>scilieet</span> <span class='ocrx_word' id='word_1_151' title='bbox 483 2162 584 2231; x_wconf 87' lang='lat' dir='ltr'>juri</span> <span class='ocrx_word' id='word_1_152' title='bbox 628 2162 814 2233; x_wconf 77' lang='lat' dir='ltr'>scripto</span> <span class='ocrx_word' id='word_1_153' title='bbox 859 2178 956 2215; x_wconf 92' lang='lat' dir='ltr'>non</span> <span class='ocrx_word' id='word_1_154' title='bbox 983 2140 1317 2229; x_wconf 67' lang='lat' dir='ltr'>adversatur,</span> <span class='ocrx_word' id='word_1_155' title='bbox 1362 2160 1449 2215; x_wconf 88' lang='lat' dir='ltr'>sed</span> <span class='ocrx_word' id='word_1_156' title='bbox 1501 2161 1611 2233; x_wconf 87' lang='lat' dir='ltr'>ipsa</span> <span class='ocrx_word' id='word_1_157' title='bbox 1670 2160 1751 2229; x_wconf 88' lang='lat' dir='ltr'>jus</span> <span class='ocrx_word' id='word_1_158' title='bbox 1795 2177 1980 2214; x_wconf 87' lang='lat' dir='ltr'>novum</span> 
     </span>
     <span class='ocr_line' id='line_1_22' title="bbox 254 2252 1970 2328; baseline -0.002 -18"><span class='ocrx_word' id='word_1_159' title='bbox 254 2257 527 2310; x_wconf 81' lang='lat' dir='ltr'>constituit.</span> <span class='ocrx_word' id='word_1_160' title='bbox 556 2254 636 2308; x_wconf 82' lang='lat' dir='ltr'>Ad</span> <span class='ocrx_word' id='word_1_161' title='bbox 664 2255 800 2325; x_wconf 6' lang='lat' dir='ltr'>,hanc</span> <span class='ocrx_word' id='word_1_162' title='bbox 846 2254 1257 2309; x_wconf 82' lang='lat' dir='ltr'>consuetudinem</span> <span class='ocrx_word' id='word_1_163' title='bbox 1301 2265 1490 2328; x_wconf 82' lang='lat' dir='ltr'>spectat</span> <span class='ocrx_word' id='word_1_164' title='bbox 1527 2252 1703 2309; x_wconf 92' lang='lat' dir='ltr'>Canon</span> <span class='ocrx_word' id='word_1_165' title='bbox 1733 2256 1765 2307; x_wconf 87' lang='grc'><strong><em>5</em></strong></span> <span class='ocrx_word' id='word_1_166' title='bbox 1793 2253 1911 2308; x_wconf 90' lang='lat' dir='ltr'>dist.</span> <span class='ocrx_word' id='word_1_167' title='bbox 1943 2254 1970 2305; x_wconf 92' lang='lat'>1</span> 
     </span>
     <span class='ocr_line' id='line_1_23' title="bbox 254 2346 1974 2422; baseline -0.002 -19"><span class='ocrx_word' id='word_1_168' title='bbox 254 2349 577 2404; x_wconf 76' lang='lat' dir='ltr'>Consuetudo</span> <span class='ocrx_word' id='word_1_169' title='bbox 619 2361 686 2402; x_wconf 81' lang='lat' dir='ltr'>est</span> <span class='ocrx_word' id='word_1_170' title='bbox 723 2349 816 2422; x_wconf 77' lang='lat' dir='ltr'>jus</span> <span class='ocrx_word' id='word_1_171' title='bbox 858 2348 1123 2419; x_wconf 73' lang='lat' dir='ltr'>quoddam</span> <span class='ocrx_word' id='word_1_172' title='bbox 1164 2348 1393 2402; x_wconf 70' lang='lat' dir='ltr'>moribus</span> <span class='ocrx_word' id='word_1_173' title='bbox 1436 2348 1790 2413; x_wconf 74' lang='lat' dir='ltr'>constitutum,</span> <span class='ocrx_word' id='word_1_174' title='bbox 1835 2346 1974 2418; x_wconf 74' lang='lat' dir='ltr'>qaod</span> 
     </span>
     <span class='ocr_line' id='line_1_24' title="bbox 247 2440 1976 2516; baseline -0.001 -20"><span class='ocrx_word' id='word_1_175' title='bbox 247 2462 348 2516; x_wconf 84' lang='lat' dir='ltr'>pro</span> <span class='ocrx_word' id='word_1_176' title='bbox 382 2445 485 2514; x_wconf 69' lang='lat' dir='ltr'>[eye</span> <span class='ocrx_word' id='word_1_177' title='bbox 510 2443 813 2516; x_wconf 71' lang='lat' dir='ltr'>suscipitur,</span> <span class='ocrx_word' id='word_1_178' title='bbox 859 2461 975 2495; x_wconf 70' lang='lat' dir='ltr'>cumr</span> <span class='ocrx_word' id='word_1_179' title='bbox 1017 2441 1185 2515; x_wconf 76' lang='lat' dir='ltr'>deficit</span> <span class='ocrx_word' id='word_1_180' title='bbox 1227 2442 1331 2497; x_wconf 77' lang='lat' dir='ltr'>Ieoe.</span> <span class='ocrx_word' id='word_1_181' title='bbox 1370 2441 1597 2514; x_wconf 85' lang='lat' dir='ltr'>Denique</span> <span class='ocrx_word' id='word_1_182' title='bbox 1625 2440 1702 2495; x_wconf 91' lang='lat' dir='ltr'>III</span> <span class='ocrx_word' id='word_1_183' title='bbox 1729 2441 1976 2497; x_wconf 85' lang='lat' dir='ltr'>dividitur</span> 
     </span>
     <span class='ocr_line' id='line_1_25' title="bbox 251 2535 1977 2610; baseline -0.002 -17"><span class='ocrx_word' id='word_1_184' title='bbox 251 2541 299 2593; x_wconf 93' lang='lat' dir='ltr'>in</span> <span class='ocrx_word' id='word_1_185' title='bbox 344 2538 777 2609; x_wconf 83' lang='lat' dir='ltr'>consuetudinem,</span> <span class='ocrx_word' id='word_1_186' title='bbox 839 2557 966 2610; x_wconf 86' lang='lat' dir='ltr'>qnae</span> <span class='ocrx_word' id='word_1_187' title='bbox 1027 2537 1212 2591; x_wconf 83' lang='lat' dir='ltr'>dieitur</span> <span class='ocrx_word' id='word_1_188' title='bbox 1270 2547 1451 2592; x_wconf 77' lang='lat' dir='ltr'>contra</span> <span class='ocrx_word' id='word_1_189' title='bbox 1504 2535 1617 2608; x_wconf 75' lang='lat' dir='ltr'>juS,</span> <span class='ocrx_word' id='word_1_190' title='bbox 1678 2555 1764 2609; x_wconf 90' lang='lat' dir='ltr'>per</span> <span class='ocrx_word' id='word_1_191' title='bbox 1823 2554 1977 2608; x_wconf 85' lang='lat' dir='ltr'>qnam</span> 
     </span>
     <span class='ocr_line' id='line_1_26' title="bbox 255 2615 1978 2706; baseline -0.001 -19"><span class='ocrx_word' id='word_1_192' title='bbox 255 2646 337 2687; x_wconf 88' lang='lat' dir='ltr'>aut</span> <span class='ocrx_word' id='word_1_193' title='bbox 398 2634 477 2687; x_wconf 72' lang='lat' dir='ltr'>lex</span> <span class='ocrx_word' id='word_1_194' title='bbox 538 2652 634 2688; x_wconf 92' lang='lat' dir='ltr'>non</span> <span class='ocrx_word' id='word_1_195' title='bbox 698 2615 964 2706; x_wconf 77' lang='lat' dir='ltr'>reeipitur,</span> <span class='ocrx_word' id='word_1_196' title='bbox 1024 2643 1109 2686; x_wconf 86' lang='lat' dir='ltr'>aut</span> <span class='ocrx_word' id='word_1_197' title='bbox 1177 2643 1393 2704; x_wconf 79' lang='lat' dir='ltr'>recepta,</span> <span class='ocrx_word' id='word_1_198' title='bbox 1455 2632 1721 2686; x_wconf 86' lang='lat' dir='ltr'>contrariis</span> <span class='ocrx_word' id='word_1_199' title='bbox 1783 2629 1978 2686; x_wconf 84' lang='lat' dir='ltr'>actibus</span> 
     </span>
     <span class='ocr_line' id='line_1_27' title="bbox 253 2724 1973 2800; baseline -0.001 -19"><span class='ocrx_word' id='word_1_200' title='bbox 253 2728 474 2796; x_wconf 74' lang='lat' dir='ltr'>eliditur,</span> <span class='ocrx_word' id='word_1_201' title='bbox 517 2728 578 2782; x_wconf 90' lang='lat' dir='ltr'>de</span> <span class='ocrx_word' id='word_1_202' title='bbox 621 2746 718 2800; x_wconf 87' lang='lat' dir='ltr'>qna</span> <span class='ocrx_word' id='word_1_203' title='bbox 763 2726 1118 2781; x_wconf 88' lang='lat' dir='ltr'>consuetudine</span> <span class='ocrx_word' id='word_1_204' title='bbox 1161 2726 1282 2780; x_wconf 83' lang='lat' dir='ltr'>haee</span> <span class='ocrx_word' id='word_1_205' title='bbox 1333 2725 1552 2780; x_wconf 84' lang='lat' dir='ltr'>breviter</span> <span class='ocrx_word' id='word_1_206' title='bbox 1609 2724 1973 2795; x_wconf 77' lang='lat' dir='ltr'>significamus,</span> 
     </span>
    </p>

    <p class='ocr_par' dir='ltr' id='par_1_3' title="bbox 253 2818 1972 2989">
     <span class='ocr_line' id='line_1_28' title="bbox 334 2818 1972 2894; baseline -0.001 -21"><span class='ocrx_word' id='word_1_207' title='bbox 334 2820 505 2894; x_wconf 86' lang='lat' dir='ltr'>Itaque</span> <span class='ocrx_word' id='word_1_208' title='bbox 566 2821 870 2876; x_wconf 77' lang='lat' dir='ltr'>consuetudo</span> <span class='ocrx_word' id='word_1_209' title='bbox 931 2830 1111 2875; x_wconf 75' lang='lat' dir='ltr'>contra</span> <span class='ocrx_word' id='word_1_210' title='bbox 1165 2820 1257 2892; x_wconf 72' lang='lat' dir='ltr'>jus</span> <span class='ocrx_word' id='word_1_211' title='bbox 1317 2820 1468 2874; x_wconf 88' lang='lat' dir='ltr'>habet</span> <span class='ocrx_word' id='word_1_212' title='bbox 1531 2820 1631 2873; x_wconf 88' lang='lat' dir='ltr'>vim</span> <span class='ocrx_word' id='word_1_213' title='bbox 1691 2818 1972 2889; x_wconf 86' lang='lat' dir='ltr'>abrogandi</span> 
     </span>
     <span class='ocr_line' id='line_1_29' title="bbox 253 2913 1968 2989; baseline -0.002 -21"><span class='ocrx_word' id='word_1_214' title='bbox 253 2916 408 2985; x_wconf 74' lang='lat' dir='ltr'>legen]</span> <span class='ocrx_word' id='word_1_215' title='bbox 456 2919 634 2989; x_wconf 78' lang='lat' dir='ltr'>ipsam,</span> <span class='ocrx_word' id='word_1_216' title='bbox 689 2916 939 2987; x_wconf 79' lang='lat' dir='ltr'>idque-si</span> <span class='ocrx_word' id='word_1_217' title='bbox 1002 2934 1095 2969; x_wconf 90' lang='lat' dir='ltr'>non</span> <span class='ocrx_word' id='word_1_218' title='bbox 1157 2934 1412 2987; x_wconf 71' lang='lat' dir='ltr'>expressO,</span> <span class='ocrx_word' id='word_1_219' title='bbox 1474 2914 1648 2968; x_wconf 87' lang='lat' dir='ltr'>saltem</span> <span class='ocrx_word' id='word_1_220' title='bbox 1711 2913 1857 2982; x_wconf 81' lang='lat' dir='ltr'>legali</span> <span class='ocrx_word' id='word_1_221' title='bbox 1923 2924 1968 2966; x_wconf 92' lang='lat' dir='ltr'>et</span> 
     </span>
    </p>
   </div>
  </div>
 </body>
</html>
