2114 3289
212 101 256 176 §-
281 124 488 160 xxxvn.
519 124 578 158 DE
604 123 725 158 sum:
751 123 987 159 mrr'rENm
1017 124 1243 159 LEGATOS
1269 124 1358 159 SEU
1389 123 1607 159 NUN'rlos
1654 105 1761 159 145

129 227 398 281 Praelatos
440 225 509 279 ad
566 224 794 278 muneris
836 225 915 279 sui
979 225 1331 280 eoeecutionem
1390 235 1613 292 revocat,
1676 244 1852 280 eorum

124 318 488 392 neqliqentiam
515 329 560 373 et
582 317 639 372 in
667 337 792 373 cura
819 320 1076 392 pastorali
1102 320 1324 392 defectus
1350 319 1570 392 supplet,
1599 337 1854 392 oppressos

127 413 378 487 defendit,
430 412 783 485 insufficientes
835 432 894 468 ac
936 413 1234 486 impotentes
1286 414 1528 488 adjuvat,
1577 416 1749 482 verb0‚
1794 432 1855 469 ea

127 508 303 564 omnia
346 508 643 579 exequitur,
671 526 799 580 quae
827 509 1081 563 Ecclesiae
1125 509 1453 577 universalis,
1498 521 1587 564 aut
1622 510 1857 583 particu-

130 602 258 658 laris
318 602 681 677 cujuscumque
738 603 896 671 salus,
957 604 1180 671 utilitas,
1241 604 1564 659 necessitasve
1607 605 1852 677 postulat.

129 700 272 752 Haec
314 709 484 752 autem
528 707 572 752 et
597 697 795 752 similia
836 699 1040 770 neqotia
1067 716 1182 752 cum
1215 698 1522 770 ple-rumque
1558 699 1634 753 ita
1676 699 1858 754 consti-

129 805 240 850 tuta
282 793 406 861 sint,
449 804 505 848 ut
539 795 864 867 personalem
913 813 1016 849 non
1057 812 1181 848 raro
1225 796 1577 867 praesentiam
1621 797 1859 867 eoeiqant,

128 906 284 960 quam
326 898 496 943 tamen
538 889 788 961 Pontifeoe
829 889 990 943 variis
1040 888 1288 944 distentus
1330 889 1713 962 impedimentis
1755 908 1855 962 per

127 1000 174 1038 se
216 983 384 1055 ipsum
447 982 687 1038 eoeltibere
747 1001 850 1037 non
891 983 1066 1054 valet3
1108 984 1380 1056 prohiberi
1433 985 1475 1038 is
1518 996 1646 1039 certe
1712 985 1859 1039 nulla

127 1077 329 1131 ratione
364 1077 579 1150 poterit,
607 1078 877 1149 quominus
911 1096 1008 1151 per
1036 1082 1246 1150 Leqatos
1289 1078 1555 1151 sufficienti
1582 1080 1862 1134 cticctorita-

131 1182 176 1226 te
194 1189 295 1244 pro
322 1171 639 1243 neqotiorurn
668 1173 1112 1245 eecpediendorum
1142 1172 1345 1228 diversa
1371 1184 1562 1228 natura
1587 1174 1859 1229 instructos

135 1266 224 1321 lias
264 1267 493 1321 muneris
535 1267 614 1321 sui
650 1278 824 1339 partes
867 1268 1090 1340 expleat.

216 1358 284 1416 At
326 1380 442 1416 vero
485 1361 603 1416 huic
645 1360 867 1416 Romani
908 1359 1172 1418 Pontificis
1214 1364 1317 1433 juri
1352 1362 1620 1436 respondet
1664 1363 1859 1434 obliga-

133 1456 203 1512 tio
246 1453 463 1526 Legatos
506 1456 801 1526 hujusmodi
845 1457 1138 1531 reeipiendi,
1182 1457 1318 1531 quod
1370 1458 1626 1532 praeclare
1670 1461 1863 1515 anima-

132 1549 317 1605 dvertit
345 1548 532 1606 Anton.
561 1547 797 1605 Schmidt
823 1549 987 1608 Instit.
1009 1549 1119 1608 Jur.
1143 1550 1335 1608 EccleS.
1364 1570 1522 1623 germ.
1545 1554 1859 1611 accommod.

130 1655 261 1717 part.
310 1646 361 1699 2.
406 1663 517 1718 cap.
567 1645 745 1701 lsect.
793 1650 823 1700 3
853 1657 947 1702 art.
995 1650 1026 1700 3
1055 1640 1100 1717 S.
1134 1650 1202 1701 73
1251 1647 1332 1701 his
1377 1646 1580 1702 verbis:
1626 1648 1777 1711 Quod
1818 1648 1863 1704 si

132 1736 375 1811 Pontifici
413 1737 506 1810 jus
523 1738 810 1811 perfectum
853 1757 932 1794 eos
973 1739 1214 1795 mittendi
1257 1740 1505 1811 deneqari
1547 1759 1579 1794 a
1615 1741 1862 1796 catholico

131 1851 236 1888 non
285 1832 488 1905 possit3
550 1832 669 1887 liuio
727 1835 949 1889 vicissim
993 1854 1060 1890 ece
1118 1836 1283 1891 altera
1343 1836 1655 1908 Principum
1708 1838 1864 1893 etiam

133 1944 489 2000 supremorum
524 1938 676 2001 parte
736 1929 1058 2002 respondebit
1118 1930 1362 2002 obliqatio
1412 1931 1469 1984 in
1510 1930 1636 1986 tltesi
1686 1932 1864 1987 saltem

133 2032 294 2089 certa,
347 2040 408 2076 ne
450 2025 663 2094 Legatos
724 2023 982 2097 ejusmodi
1025 2025 1087 2079 ab
1145 2025 1379 2097 inqressu
1439 2025 1498 2079 in
1538 2035 1703 2080 terras
1745 2045 1862 2081 suas

121 2115 452 2189 prohibeant,
498 2128 586 2170 aut
629 2117 872 2188 leqitimis
915 2137 1092 2173 eorum
1150 2119 1498 2192 functionibus
1549 2120 1607 2174 in
1647 2121 1863 2176 sal-utem

134 2209 432 2265 animarum
491 2211 786 2266 necessariis
836 2230 935 2267 sese
997 2214 1250 2267 obstaculo
1302 2225 1519 2286 ponant.
1563 2216 1738 2286 Neque
1781 2216 1863 2270 lu'c

135 2315 498 2375 arqumentum
540 2305 661 2360 duci
701 2307 895 2378 poterit
936 2325 968 2361 a
1009 2307 1213 2379 Leqatis
1262 2308 1404 2375 aliis,
1450 2327 1564 2362 cum
1609 2309 1727 2382 jam
1763 2328 1862 2382 per

134 2415 233 2453 sese
293 2409 369 2453 sat
427 2399 743 2455 luculentum
804 2413 1052 2474 appareat
1105 2402 1422 2457 discrimen:
1486 2403 1619 2457 nulli
1675 2405 1862 2476 quippe

134 2493 378 2567 Principi
436 2513 676 2568 supremo
730 2497 1012 2568 quidquam
1073 2498 1130 2553 in
1172 2499 1395 2553 alterum
1453 2499 1636 2553 itidem
1683 2499 1860 2567 talem,

136 2587 306 2660 ejusve
349 2599 511 2650 terras
563 2590 708 2664 juris
767 2592 1040 2664 competit3
1100 2612 1215 2647 cum
1278 2605 1456 2647 contra
1516 2594 1758 2667 Pontifici
1810 2596 1861 2650 ‘ci

136 2681 402 2737 Primatus
444 2702 570 2739 cura
612 2686 764 2740 totius
790 2687 924 2741 orbis
966 2687 1236 2742 christiani
1280 2687 1564 2754 incumbatj
1609 2699 1757 2759 atque
1800 2689 1858 2743 in

136 2775 283 2829 rebus
310 2778 378 2831 ad
403 2778 618 2834 salutem
660 2781 958 2838 animarum
1000 2782 1377 2856 pertinentibus
1404 2781 1517 2854 ejus
1551 2800 1649 2837 sese
1688 2782 1858 2856 juris-

139 2869 297 2924 dictio
342 2872 521 2943 ubique
558 2876 852 2947 protendat.

1350 2972 1418 3022 10
