2114 3289
362 119 434 170 32
673 134 765 168 Lm.
795 133 827 167 1.
858 133 973 167 οΑΡ.
1002 131 1037 166 1.
1071 131 1131 166 DE
1158 130 1310 168 STATU
1340 131 1608 169 EGCLESIAE

269 239 459 299 majus,
497 242 539 282 et
573 236 762 291 minus,
799 247 881 280 nee
915 233 1131 281 consistit
1166 234 1221 282 in
1253 233 1561 281 indivisibili.
1601 233 1756 290 Quare
1791 247 1895 294 erqo
1929 234 2009 280 ille

269 333 366 365 ‘non
412 317 590 365 deberet
638 315 801 362 habere
843 321 1120 376 potestatem
1161 315 1387 376 imperii,
1431 316 1512 378 qui
1546 315 1679 363 habet
1707 317 1793 378 jus
1820 302 2011 376 =ferendi

272 398 421 459 ἱερᾶς,
470 395 684 444 dictandi
725 410 936 457 poenas,
974 395 1073 442 sola
1107 397 1274 443 mortis
1302 411 1456 458 poena
1489 404 1682 459 eoecepta
1700 432 1716 455 ,
1753 393 2010 459 ejiciendi,

266 477 592 541 proscribe-ndi
627 493 647 524 e
684 477 1018 524 communitate
1034 513 1051 535 ,
1089 477 1391 540 omnibusque
1431 478 1625 539 juribus
1671 477 1732 525 acl
1779 477 1932 536 civeS,
1970 482 2013 523 et

269 561 471 608 membra
504 558 789 622 reipublicae
819 559 1168 622 pertinentibus
1193 554 1468 622 privandi?

1059 694 1107 771 5.
1171 703 1224 754 9.

645 834 718 879 DE
759 833 1115 880 POTESTATIS
1150 832 1641 880 ECCLESIASTICAE

737 943 812 988 UT
848 943 1032 994 A.1UNT
1069 942 1547 990 INDEPENDENTIA

360 1090 635 1164 Reliquum
678 1103 771 1160 est,
817 1102 867 1145 ut
909 1091 1181 1166 probemus
1225 1101 1542 1165 potestatem,
1569 1108 1723 1164 quam
1765 1087 1920 1145 Petro
1965 1099 2014 1144 et

289 1183 585 1260 ApostoliS‚
634 1204 906 1258 eorumque
958 1185 1335 1241 successoribus
1379 1182 1615 1241 Christus
1658 1183 1905 1254 tradidit,
1948 1182 2015 1240 ab

287 1281 425 1335 omni
478 1280 738 1352 potestatis
789 1280 955 1335 civilis
1001 1279 1348 1336 dominatione
1390 1279 1646 1348 solutam,
1688 1277 2013 1352 expeditam,

284 1385 332 1428 et
380 1373 632 1442 liberam,
684 1374 810 1442 sive,
852 1385 905 1428 ut
965 1373 1168 1429 scholae
1226 1372 1534 1446 loquuntur,
1595 1371 2015 1447 independentem-

284 1486 410 1523 esse.
456 1465 614 1538 Cujus
658 1467 865 1540 quidem
910 1467 1134 1522 veritatis
1177 1478 1251 1522 tot
1293 1479 1406 1523 sunt
1447 1478 1685 1540 tantaque
1728 1466 2012 1522 certissima

286 1573 601 1633 argumenta,
630 1572 682 1615 nt
724 1562 767 1616 si
810 1562 1043 1634 persequi
1086 1561 1285 1631 singula
1329 1561 1589 1631 vellemus,
1616 1560 1816 1632 longius
1860 1578 2013 1633 quam

285 1656 417 1710 ratio
470 1655 840 1711 institutionum
883 1654 1142 1728 postulat,
1185 1655 1348 1710 oratio
1392 1666 1563 1710 nostra
1607 1653 2010 1728 progrederetur.

284 1746 596 1821 Priusquam
659 1767 775 1804 vero
826 1746 1020 1820 aliquid
1064 1766 1235 1804 eorum
1280 1747 1633 1822 proferamus,
1677 1747 1861 1820 quibus
1905 1766 2015 1803 sen-

286 1846 441 1899 tentia
485 1844 734 1899 catholica
763 1845 1077 1918 apertissime
1104 1843 1213 1898 dem
1226 1856 1497 1914 fustratur,
1523 1855 1744 1917 praestat
1784 1842 2016 1899 animad-

290 1950 479 1992 vertere
532 1957 791 1994 sacrarum
836 1956 1004 1993 rerum
1047 1936 1541 1995 administrationem
1603 1937 1668 1993 ad
1729 1937 1877 1993 civile
1919 1937 2015 1992 im-

290 2033 486 2105 perium
530 2051 629 2087 non
672 2033 921 2106 pertinere
965 2048 1033 2085 eso
1074 2042 1267 2085 natura
1307 2031 1407 2101 rei,
1443 2033 1549 2087 sive
1591 2049 1660 2086 eoe
1697 2031 1823 2106 jure
1866 2041 2018 2085 nalu-

291 2143 403 2194 ναι),
429 2137 534 2180 tum
578 2127 696 2199 quia
740 2127 967 2181 instituta
1011 2127 1225 2200 imperia
1269 2145 1368 2182 non
1412 2138 1525 2182 sunt
1568 2137 1773 2200 propter
1813 2125 2019 2196 religio-

294 2238 448 2288 nem,
509 2230 615 2274 tum
675 2221 794 2292 quia
847 2222 926 2291 jus
970 2231 1178 2275 naturae
1220 2232 1294 2276 est
1334 2220 1453 2290 lex,
1497 2239 1712 2289 norma,
1756 2232 1802 2275 et
1844 2219 2018 2291 regula

295 2332 468 2369 earum
496 2332 683 2382 rerum,
710 2333 837 2386 quae
872 2313 937 2368 ad
981 2333 1135 2369 unum
1177 2315 1408 2370 ordinem
1450 2314 1730 2370 naturalem
1774 2325 2017 2388 spectant.

293 2407 369 2463 De
412 2427 510 2481 quo
555 2409 868 2463 consentiunt
911 2409 987 2462 vel
1029 2410 1127 2482 ipsi
1171 2406 1545 2479 protestante&
1589 2407 1842 2481 siquidem
1886 2406 2019 2462 Hor-

295 2504 407 2556 nius
459 2502 520 2556 de
572 2498 725 2557 Civit.
776 2502 867 2557 lil).
915 2500 965 2555 ΙΙ
1009 2522 1118 2576 cap.
1167 2506 1198 2556 5
1245 2504 1441 2575 inquit:
1488 2505 1533 2556 A
1576 2519 1839 2555 sacrorum
1881 2501 2020 2572 reqi-

293 2597 431 2650 mine
489 2607 544 2649 ut
597 2595 795 2649 actione
839 2595 1050 2667 publiea
1084 2596 1350 2668 privatum
1391 2596 1600 2667 quidem
1642 2595 1810 2650 areeri
1828 2637 1849 2662 ,
1893 2613 2021 2648 non-

295 2693 420 2745 dum
463 2702 634 2745 tamen
669 2702 848 2764 patere
891 2692 1168 2758 rationem,
1196 2709 1325 2762 quae
1368 2690 1505 2745 illud
1541 2691 1782 2762 Principi
1808 2701 2017 2747 asserat.

296 2787 446 2859 Ilugo
509 2786 716 2843 Grotius
768 2789 818 2842 in
871 2800 1084 2842 tractatu
1136 2787 1197 2841 de
1248 2784 1468 2860 Imperio
1513 2785 1837 2842 Summarum
1881 2799 2018 2861 pote-

300 2894 480 2936 statum
525 2883 574 2936 iu
622 2881 777 2938 Sacra
822 2902 931 2956 cap.
981 2885 1012 2934 ⁶2
1056 2876 1100 2951 ᾗ.
1150 2886 1217 2936 3:
1269 2884 1329 2935 tft
1372 2881 1531 2946 idem:
1578 2882 1666 2949 ait„
1704 2881 1765 2935 sit
1812 2883 1929 2935 Reae
1973 2891 2017 2934 et
