2114 3289
345 114 454 166 210
501 132 594 169 mss.
624 131 693 168 ιιι.
724 132 769 168 c.
790 131 823 167 1.
856 131 914 166 DE
946 131 1162 172 PERsoN.
1193 131 1331 169 Ech.
1363 133 1573 171 POTEST.
1603 134 1862 174 summi-13

262 239 397 294 visae
439 252 573 309 sunt,
617 250 668 292 ut
711 236 961 292 affirmare
1005 255 1104 293 non
1147 236 1471 309 dubitaverit,
1489 240 1716 313 potuisse
1745 244 1984 299 Summos

257 332 512 388 Ecclesiae
556 330 826 404 Pontifices
877 330 1097 386 Clericos
1141 342 1185 385 et
1246 349 1422 386 eorum
1479 351 1559 388 res
1609 334 1983 408 jurisdictione

257 426 510 481 saeculari
553 424 805 492 eoeimere,
858 424 1014 496 idque
1057 425 1356 480 conveniens
1412 426 1563 498 fuisse
1608 439 1652 484 et
1703 447 1801 485 esse
1853 430 1989 484 chri-

260 521 457 577 stianae
499 520 850 594 reipublicae,
895 539 998 575 non
1047 532 1246 577 tantum
1304 522 1362 576 in
1414 522 1788 597 spiritualibus,
1849 526 1989 598 quod

251 614 378 688 jure
422 614 601 670 divino
646 625 755 670 erat
797 615 1112 683 institutum,
1157 616 1245 671 sed
1297 626 1342 670 et
1384 616 1444 671 in
1484 619 1863 691 temporalibuS.
1926 619 1989 675 Et

257 728 393 766 num.
440 713 475 763 4
518 712 669 766 sentit
710 729 823 765 eum
867 712 1110 766 sententia
1154 730 1348 779 eorum,
1390 711 1481 782 qui
1521 712 1738 784 probant
1781 725 1827 768 et
1853 731 1983 768 asse-

253 815 454 872 verant,
498 822 588 859 nec
631 808 902 861 Summum
945 805 1246 879 Pontificem
1282 823 1425 878 posse
1451 805 1628 861 tollere
1667 807 1982 863 elericorum

258 898 634 972 exemptionem
693 918 727 954 a
762 898 1134 974 jurisdictione
1177 900 1431 955 saeculari
1475 901 1647 972 quoad
1678 919 1847 957 omnes
1873 902 1981 958 Cle-

253 992 408 1060 ricoS,
452 1004 496 1049 et
539 994 710 1065 quoad
752 1012 922 1049 omn-es
965 1012 1142 1049 causas
1183 995 1242 1048 in
1285 995 1604 1063 universum,
1648 995 1764 1051 licet
1796 997 1981 1069 optime

247 1088 408 1159 possit
486 1107 598 1144 eam
659 1089 1036 1162 exemptionem
1095 1090 1266 1162 quoad
1325 1089 1571 1161 quosdam
1614 1090 1873 1158 Cleric08,
1935 1102 1979 1146 et

253 1183 426 1253 quoad
466 1184 715 1255 quasdam
758 1201 935 1238 causas
976 1202 1232 1242 revocare.

331 1276 395 1332 Et
437 1276 703 1348 Duvalius‚
747 1281 834 1352 qui
877 1281 929 1334 in
972 1279 1103 1336 libro
1147 1279 1208 1334 de
1251 1291 1492 1353 potestate
1534 1277 1799 1335 Pontificis
1842 1290 1974 1354 part.

253 1375 284 1426 3
330 1374 695 1447 exemptionem
758 1370 1071 1429 Clerieorum
1116 1375 1167 1429 in
1212 1375 1376 1429 causis
1420 1386 1468 1429 et
1509 1374 1806 1429 criminibus
1851 1375 1974 1430 eivi-

249 1465 403 1536 libus,
446 1478 549 1522 tota
591 1478 776 1539 quanta
819 1479 912 1537 est,
938 1467 1158 1523 humano
1184 1470 1286 1538 juri
1314 1468 1561 1537 attribuit,
1599 1467 1781 1523 fatetur
1807 1480 1973 1524 tamen

250 1573 442 1634 quaest.
488 1566 543 1630 3,
587 1561 889 1634 Principem
948 1563 1130 1633 absque
1183 1573 1390 1634 peceato
1449 1579 1562 1617 eam
1611 1561 1976 1617 universaliter

248 1653 424 1709 tollere
466 1672 569 1708 non
605 1672 770 1727 posse,
799 1666 887 1709 aut
915 1656 985 1710 ad
1028 1673 1109 1710 eas
1152 1656 1413 1727 anquslias
1439 1655 1674 1727 redigere
1710 1666 1765 1709 ut
1792 1655 1883 1710 hoc
1914 1656 1973 1710 in

251 1748 584 1822 opprobrium
642 1759 687 1804 et
746 1760 1086 1823 contemptum
1147 1750 1349 1804 ordinis
1407 1750 1730 1805 ecelesiastici
1788 1750 1972 1818 cedat,

247 1845 480 1898 maxime
521 1861 636 1898 cum
695 1843 816 1899 haec
876 1845 1177 1900 immunitas
1231 1844 1350 1919 jam
1409 1844 1594 1916 ubique
1635 1845 1864 1899 locorum
1924 1856 1971 1901 et

247 1938 496 2009 yentium,
540 1938 721 2009 quibus
763 1938 1102 1994 christianum
1153 1939 1336 1994 illuxit
1396 1938 1590 2006 lumen,
1635 1939 1698 1993 sit
1750 1950 1968 2012 recepta,

243 2033 403 2105 sitque
444 2033 602 2089 veluti
655 2034 800 2107 juris
859 2035 1109 2107 ymnum,
1171 2035 1308 2107 quod
1366 2053 1398 2089 a
1449 2035 1651 2090 nemine
1694 2035 1965 2090 immutari

241 2138 426 2200 potest,
470 2129 660 2183 nedum
702 2130 963 2201 obroqari.

312 2317 500 2362 Praeter
542 2315 756 2362 laudatos
805 2319 1032 2364 Auctores
1070 2318 1173 2364 vide
1219 2318 1522 2364 Benedictum
1570 2318 1668 2363 XIV
1703 2318 1759 2365 de
1796 2317 1971 2375 synod.

240 2397 453 2443 Dioeces.
492 2396 575 2443 lib.
615 2398 672 2442 IX
710 2409 813 2455 cap.
840 2398 869 2443 9
905 2411 951 2444 ιι.
979 2400 1025 2446 8.
1064 2402 1172 2445 Ant.
1211 2399 1478 2446 Dandinum
1514 2399 1747 2445 Alteserra
1784 2400 1831 2444 in
1856 2398 1972 2443 Vin-

244 2477 337 2524 dic.
375 2478 547 2525 Jurisd.
595 2479 722 2525 Eccl.
759 2478 843 2525 lib.
889 2481 909 2524 1
950 2492 1052 2540 cap.
1091 2481 1137 2526 2.
1177 2488 1223 2528 et
1268 2480 1618 2527 Emmanuelem
1653 2479 1884 2527 Gonzalez
1920 2479 1969 2524 in

240 2571 341 2618 cap.
383 2560 409 2604 4
446 2557 499 2606 de
535 2559 851 2607 [inmanitate.
