2114 3289
1670 92 1733 143 11

696 223 1089 305 CAPUT
1147 225 1225 304 1.

886 497 931 574 S.
981 505 1032 559 1.

351 672 425 719 DE
466 671 782 719 ECCLESIAE
821 669 1361 717 ADMINISTRATIONE
1403 669 1587 713 PETRO

597 782 671 828 ET
705 779 1025 827 APOSTOLIS
1063 779 1315 826 TRADITA

172 968 681 1029 Administrationem
726 970 987 1027 Ecclesiae
1029 968 1183 1025 Petro
1228 980 1274 1024 et
1316 965 1597 1043 Apostolis,
1625 986 1824 1024 eorum-

98 1086 193 1142 que
243 1066 619 1123 successoribus
664 1085 693 1122 a
737 1063 943 1122 Christo
988 1064 1229 1119 traditam
1272 1063 1466 1133 fuisse3
1511 1063 1826 1136 apertissime

96 1160 444 1218 demonstrant
504 1158 698 1216 Christi
753 1161 913 1234 ipsius
957 1159 1110 1214 verba
1154 1158 1218 1212 ad
1263 1156 1570 1231 Apos10105‚
1614 1155 1826 1211 Joannis

94 1253 236 1326 XX,
285 1257 395 1313 11:
456 1255 601 1312 Sicut
642 1254 784 1309 misit
825 1273 904 1307 me
964 1255 1165 1320 Pater,
1210 1263 1255 1307 et
1299 1269 1388 1322 eqo
1431 1251 1577 1305 millo
1619 1267 1738 1305 cos:
1783 1261 1828 1304 ec

93 1350 279 1409 Matth.
340 1347 610 1420 XXVIII,
658 1351 767 1405 18:
812 1352 954 1403 Data
1015 1357 1086 1402 est
1126 1346 1257 1401 mihi
1300 1346 1467 1401 omnis
1505 1356 1729 1419 poteslas
1770 1345 1829 1398 in

96 1447 233 1502 coelo
275 1456 321 1501 et
363 1446 421 1500 in
462 1455 621 1503 terra.
666 1446 860 1499 Euntes
903 1460 1023 1515 erqo
1067 1442 1238 1497 docete
1282 1458 1454 1496 omnes
1496 1451 1665 1513 (lentes
1708 1441 1830 1512 bap-

91 1541 309 1596 tizantes
369 1557 449 1595 eos
467 1582 488 1608 ,
549 1539 781 1594 docentes
832 1555 913 1593 eos
985 1554 1187 1592 servare
1248 1536 1426 1592 omnia
1484 1553 1831 1607 quaecumque

91 1635 340 1691 mandavi
382 1634 538 1692 vobis,
598 1632 802 1702 Quibus
864 1652 984 1690 sane
1043 1631 1209 1689 verbis
1252 1629 1486 1706 Apostoli
1530 1631 1675 1687 missi
1719 1641 1835 1685 sunt

94 1730 160 1785 ad
202 1728 516 1785 fundandam
560 1728 746 1802 ubique
789 1729 1013 1800 gentium
1057 1725 1371 1795 Ecclesiam,
1414 1744 1625 1797 eamque
1667 1723 1832 1779 admi-

96 1823 444 1894 nistrandam3
486 1821 728 1878 fundatur
769 1821 1023 1895 siquidem
1051 1819 1300 1889 Ecclesia,
1330 1818 1450 1874 dum
1494 1817 1829 1889 Evangelium

99 1919 455 1988 annunciatur,
500 1928 648 1990 atque
690 1916 752 1986 ii,
794 1916 880 1990 qui
924 1914 1155 1984 credunt,
1198 1912 1513 1988 Baptismatc
1567 1912 1725 1966 abluti
1778 1913 1830 1966 in

96 2009 509 2068 Christianorum
552 2009 857 2067 Societatem
901 2019 1235 2084 cooptantur:
1281 2007 1670 2063 administratur
1712 2025 1829 2061 vero

96 2106 218 2161 dum
262 2105 435 2162 fideles
479 2107 530 2161 in
575 2103 806 2160 doctrina
849 2102 1037 2160 tradita
1079 2114 1129 2158 et
1170 2102 1491 2158 observantia
1542 2112 1832 2176 praecepto-

95 2219 209 2255 rum
252 2201 587 2256 continentur.

172 2292 255 2349 Ad
297 2292 527 2349 eamdem
570 2291 828 2348 Ecclesiae
872 2291 1367 2348 administrationem
1410 2291 1661 2365 pertinent
1703 2289 1827 2342 haec

96 2387 293 2446 Christi
345 2386 498 2444 verba
542 2386 608 2443 ad
650 2386 855 2443 eosdem
897 2384 1214 2461 Apost0105‚
1257 2384 1445 2441 Matth.
1490 2381 1671 2439 XVIII
1719 2385 1826 2438 15:

97 2485 265 2538 Amen
306 2481 423 2536 dico
465 2481 646 2537 vobis:
688 2498 1034 2553 quaecumque
1077 2479 1366 2552 liyaveritis
1423 2495 1575 2551 super
1633 2488 1830 2531 terram

99 2587 250 2631 erunt
290 2574 455 2648 liqata
497 2585 543 2631 et
584 2576 642 2631 in
684 2574 820 2630 coelo
831 2595 854 2647 ,-
899 2586 945 2630 et
987 2592 1333 2647 quaecumque
1375 2571 1626 2627 solveritis
1677 2588 1830 2643 super

98 2679 292 2724 terram
351 2680 503 2726 erunt
559 2670 726 2725 soluta
768 2670 915 2726 etin
957 2669 1114 2726 coelo,
1177 2668 1320 2737 Quid
1381 2667 1515 2722 enim
1577 2677 1651 2721 est
1692 2664 1828 2720 istud

101 2764 260 2834 ligare
318 2776 365 2820 et
423 2762 667 2822 solvere?
727 2763 866 2821 Num
926 2764 1130 2820 funibus
1173 2776 1220 2818 et
1263 2757 1527 2817 vinculis?
1571 2758 1720 2815 Absit
1762 2759 1828 2814 ab

103 2859 305 2913 homine
349 2879 499 2915 sanae
542 2861 721 2916 mentis
767 2859 1060 2930 hujusmodi
1108 2876 1210 2913 rem
1249 2856 1465 2929 opinari.
1516 2854 1688 2927 ltaque
1716 2873 1827 2910 sen-
