2114 3289
362 147 474 198 15⁶2
519 163 611 200 Lm.
633 164 685 200 11.
710 163 755 199 c,
784 163 816 198 1.
848 161 907 197 DE
935 162 982 197 R.
1009 161 1271 198 Pounncss
1298 162 1469 205 EJUSQ.
1498 162 1834 199 ADJUTORIBUS

595 403 669 449 DE
708 401 1101 449 ADJUTORIBUS
1139 401 1325 449 SUMMI
1359 403 1678 451 PONTIFICIS

464 497 544 542 ET
589 496 802 542 PRIMO
844 497 925 542 DE
965 496 1022 543 S.
1069 497 1132 542 R.
1181 495 1241 540 E.
1288 496 1800 544 CARDINALIBUS

356 644 606 701 Hactenus
651 644 712 699 de
755 643 988 699 Primatu
1030 642 1228 700 Summi
1253 641 1539 713 pontificis,
1564 646 1767 719 ejusque
1791 645 1988 716 juribus

280 752 325 794 et
367 739 543 795 officiis
589 738 779 794 dictum
822 750 911 795 est.
956 736 1075 794 Non
1118 740 1287 794 omnia
1333 750 1495 793 tamen
1538 751 1584 793 et
1609 740 1804 810 singula
1832 741 1990 813 ipsius

273 835 386 905 jura
429 845 475 887 et
518 833 681 888 officia
725 835 1150 902 enumeravimuS,
1213 833 1299 888 sed
1358 833 1528 906 aliqua
1588 845 1779 890 tantum
1839 852 1995 907 eaque

274 928 492 1001 potiora,
535 946 598 982 ex
639 928 821 1001 quibus
867 939 1027 982 cetera
1072 927 1285 998 intelligi
1328 927 1467 982 facili
1510 929 1708 997 negotio
1745 939 1992 1001 poterunt.

274 1020 465 1076 Verum
508 1021 603 1077 hoc
646 1022 767 1077 loco·
813 1022 1160 1095 praetereundi
1221 1041 1318 1076 non
1381 1021 1612 1076 videntur
1672 1021 1994 1088 CardinaleS,

274 1116 453 1187 Leqaci
496 1134 528 1169 a
570 1116 752 1183 latere,
806 1127 851 1169 et
893 1116 1080 1171 Nuntii
1125 1115 1422 1188 Apostolici,
1467 1118 1552 1189 qui
1595 1117 1646 1170 in
1714 1116 1860 1171 totius
1903 1115 1997 1170 Ec-

276 1210 456 1265 clesiae
499 1210 937 1265 administratione
979 1223 1093 1265 sunt
1135 1208 1357 1265 Romani
1398 1208 1663 1265 Pontificis
1710 1209 1998 1281 AdjutoreS.

275 1302 351 1358 De
393 1305 474 1359 his
518 1305 686 1377 itaque
729 1306 948 1360 breviter
988 1305 1233 1376 dicemus,
1279 1316 1325 1360 et
1383 1305 1602 1379 primum
1656 1304 1716 1360 de
1778 1306 1997 1373 nomine,

284 1410 330 1453 et
372 1399 566 1468 origine
609 1396 979 1455 Cardinalium.

361 1490 712 1547 Cardinalium
741 1511 920 1548 nomen
947 1494 1355 1566 antiquissimum
1381 1506 1473 1563 est,
1500 1494 1666 1567 quivis
1694 1494 1826 1548 enim
1856 1493 2003 1568 Epis-

277 1606 450 1660 copus,
495 1598 578 1642 aut
621 1584 913 1657 Presbyter,
957 1598 1042 1642 aut
1084 1585 1361 1657 Diaconus,
1404 1589 1491 1661 qui
1551 1598 1712 1642 certae
1780 1588 1997 1658 alicujus

282 1678 537 1735 Ecclesiae
580 1681 812 1754 proprius
857 1692 905 1735 et
931 1681 1217 1736 ordinarius
1261 1680 1495 1737 Minister
1522 1693 1669 1751 esset,
1708 1680 2002 1735 Cardinalis

285 1773 582 1844 dicebatur,
636 1775 754 1847 quia
817 1774 979 1830 eidem
1040 1774 1293 1830 Ecclesiae
1352 1794 1469 1830 suae
1529 1787 1787 1849 tamquam
1848 1774 2001 1831 cardo

287 1868 466 1924 affixus
511 1867 657 1937 foret,
701 1880 848 1941 atque
890 1868 1002 1924 ideo
1046 1868 1271 1924 Ecclesia
1315 1870 1448 1925 circa
1491 1888 1624 1938 eum,
1669 1869 1824 1925 veluti
1857 1869 2002 1924 valva

286 1964 420 2017 circa
466 1962 744 2032 cardinem,
789 1963 1086 2019 volveretur.
1116 1961 1289 2031 Quare
1319 1963 1452 2038 apud
1489 1964 1851 2019 ecclesiasticos
1879 1964 2004 2018 scri-

280 2069 446 2131 ptores
490 2059 783 2132 saepissime
828 2059 1032 2114 verbum
1076 2061 1293 2116 occurrit
1334 2059 1650 2113 cardinandi
1693 2078 1779 2114 seu
1830 2058 2002 2112 incar-

284 2151 528 2219 dinamli,
571 2152 666 2207 hoc
727 2165 819 2222 est,
881 2165 1042 2208 certae
1101 2153 1354 2209 Ecclesiae
1414 2165 1649 2228 perpetuo
1713 2153 2000 2209 addicendi.

282 2243 435 2313 Quod
478 2264 596 2301 sane
639 2247 935 2302 vocabulum
980 2260 1256 2322 opportune
1299 2247 1654 2322 usurpabatur,
1693 2259 1746 2302 ut
1787 2247 1999 2322 proprii,

282 2352 329 2395 et
353 2341 499 2413 quasi
525 2339 614 2393 fixi
641 2351 687 2394 et
712 2341 999 2397 immobiles
1028 2341 1368 2397 Ecclesiarum
1396 2340 1620 2397 Ministri
1649 2361 1735 2397 seu
1763 2340 1998 2396 Pastores

284 2437 348 2491 ab
391 2438 454 2491 iis
497 2436 652 2511 probe
696 2436 1137 2508 distinguerentur,
1173 2440 1259 2511 qui
1304 2439 1452 2493 veluti
1487 2438 1811 2504 subsidia-rii,
1842 2450 1887 2491 et
1912 2437 2004 2490 αᾱ-

284 2530 508 2600 ventitii,
554 2531 628 2585 vel
672 2530 736 2585 ad
779 2529 1163 2587 determinatum
1208 2544 1420 2607 tempus,
1465 2546 1548 2588 aut
1591 2532 1655 2588 01)
1698 2531 2000 2606 peculiarem

289 2643 493 2679 causam
548 2625 696 2680 alicui
741 2624 993 2680 Ecclesiae
1037 2626 1416 2683 addicebantur.
1469 2626 1579 2682 Hoc
1630 2628 1796 2698 itaque
1857 2644 2004 2679 sensu

287 2720 338 2772 in
383 2719 614 2774 omnibus
659 2721 846 2793 passim
892 2718 1130 2775 Ecclesiis
1173 2732 1370 2792 praeter
1411 2720 1715 2794 Episcopum
1755 2716 2004 2774 Cardina-

287 2813 404 2882 lem,
448 2813 499 2867 id
544 2825 615 2868 est
676 2815 935 2888 proprium
995 2825 1041 2868 et
1101 2814 1413 2868 ordinarium
1475 2813 1801 2887 Episcopum,
1861 2825 2001 2868 erant

287 2905 577 2976 Presbyteri
622 2921 666 2962 et
711 2907 923 2963 Diaconi
968 2906 1284 2978 Cardinales,
1313 2910 1398 2981 qui
1441 2907 1680 2964 Ecclesiis
1724 2920 1769 2962 et
1812 2907 1998 2962 Titulis
