2114 3289
632 99 676 172 §.
721 122 896 159 vam.
946 123 1004 157 DE
1048 123 1307 160 EPISCOPIS
1640 108 1749 162 185

193 224 321 280 Cum
384 244 497 280 vero
557 222 921 300 Chorepiscopi
974 238 1046 283 tot
1095 226 1386 282 muneribus
1430 226 1655 283 decorati
1698 230 1829 284 intra

113 323 370 395 potestatis
429 338 546 375 suae
606 321 789 376 limites
851 340 948 376 non
1003 341 1054 378 se
1098 323 1442 392 continerent,
1486 342 1698 396 cumque
1742 342 1830 380 nec

113 433 326 470 canones
379 412 760 484 Conciliorum,
804 435 962 488 neque
1004 416 1288 472 Decretales
1332 417 1572 491 epistolae
1616 415 1833 473 Pontifi-

111 527 243 577 cum,
270 508 452 581 quibus
498 505 992 583 Chorepiscoporum
1034 510 1357 566 coercebatur
1393 510 1681 581 insolentia,
1708 512 1830 566 satis

110 601 320 656 fuissent
363 602 428 657 ad
471 622 554 658 eos
597 603 648 657 iu
692 603 855 659 officio
900 604 1251 674 continendoS,
1276 603 1463 659 factum
1507 616 1580 661 est
1611 618 1664 660 ut
1697 607 1833 680 ipso-

112 716 222 751 rum
266 696 391 753 ordo
434 698 629 771 penitus
674 700 919 754 extinctus
963 697 1130 754 fuerit.

867 868 912 944 §-
959 876 1053 930 49.

653 1010 725 1056 DE
765 1011 992 1057 OFFICIO
1028 1012 1283 1058 DOCENDI

188 1162 419 1218 Primum
462 1177 509 1220 et
550 1167 873 1239 praecipuum
919 1185 1096 1221 munus
1139 1166 1507 1242 Episcoporum
1550 1181 1643 1237 est,
1672 1186 1831 1242 popu-

109 1258 213 1313 lum
258 1258 435 1314 docere
478 1278 555 1313 res
600 1279 792 1328 omnes,
835 1280 962 1332 quae
1005 1261 1068 1314 ad
1114 1273 1366 1315 aeternam
1405 1262 1615 1316 salutem
1643 1261 1832 1317 condu-

109 1366 244 1422 cunt,
287 1366 333 1408 et
360 1373 535 1408 curare
563 1354 967 1424 diligentissime,
994 1366 1046 1408 ut
1077 1354 1362 1428 depositum
1389 1355 1507 1411 fidei
1534 1374 1831 1429 morumque

106 1459 370 1521 praecepta
413 1450 700 1522 incorrupte
742 1460 889 1521 atque
932 1450 1123 1519 integre
1182 1462 1460 1506 serventur.
1512 1448 1651 1517 Quia
1713 1469 1829 1506 vero

107 1542 171 1597 ad
214 1541 519 1614 Religionis,
565 1544 792 1617 vitaeque
835 1545 1172 1616 integritatem
1201 1545 1604 1615 custodiendam,
1630 1565 1832 1602 conser-

109 1637 425 1710 vandamque
468 1640 688 1694 maxime
734 1639 1135 1709 accommodata,
1179 1651 1327 1713 atque
1371 1640 1506 1695 utilis
1556 1652 1629 1696 est
1687 1659 1832 1714 prae-

110 1732 297 1786 dicatio
342 1732 481 1787 verbi
530 1732 643 1802 Dei,
703 1733 896 1788 idcirco
955 1732 1255 1789 Tridentina
1318 1732 1554 1806 Synodus
1606 1754 1730 1791 sess.
1794 1739 1827 1789 5

107 1845 216 1900 cap.
250 1829 283 1878 2
322 1827 383 1881 de
410 1827 614 1883 reform.
644 1828 836 1898 statuit,
862 1845 1032 1882 omnes
1067 1829 1363 1901 EpiscopOS,
1392 1829 1828 1902 Arclziepiscopos,

106 1921 386 1989 PrimateS,
430 1932 476 1976 et
517 1939 688 1975 omnes
747 1921 876 1975 alios
935 1922 1283 1978 Ecclesiarum
1341 1924 1611 1979 Praelatos
1668 1924 1831 1980 teneri

95 2034 193 2088 per
237 2035 284 2071 se
325 2017 479 2089 ipSOS,
524 2017 566 2070 si
609 2016 835 2088 leyitime
879 2018 1119 2091 impediti
1162 2037 1264 2073 non
1306 2020 1524 2092 fuerint,
1569 2020 1638 2074 ad
1673 2038 1829 2092 prae-³

105 2111 405 2168 dicandum.
466 2111 630 2168 Porro
693 2113 757 2166 ad
817 2111 1125 2188 Episcopum
1186 2127 1374 2190 spectat
1451 2117 1828 2172 concionatores

104 2206 371 2277 designare
415 2227 471 2261 ac
515 2208 729 2276 mittere,
773 2209 859 2279 qui
902 2209 953 2262 in
982 2226 1071 2263 sua
1099 2208 1329 2264 Dioecesi
1355 2210 1584 2266 divinum
1613 2211 1821 2266 verbum

104 2302 425 2370 annuncient,
469 2301 659 2357 idcirco
702 2313 900 2376 praeter
925 2301 1208 2373 Parochos,
1236 2305 1418 2377 quibus
1445 2305 1510 2361 ad
1539 2307 1823 2360 animarum

107 2414 277 2450 curam
333 2396 485 2451 semel
547 2395 773 2471 probatis
835 2398 915 2467 jus
977 2409 1023 2452 et
1083 2398 1302 2454 officium
1361 2411 1434 2455 est
1490 2399 1686 2473 plebem
1731 2398 1830 2454 sibi

104 2491 425 2545 commissam
469 2490 689 2560 erudire,
717 2493 905 2547 nemini
931 2494 1234 2566 permissum
1269 2505 1342 2550 est
1377 2495 1483 2551 sine
1513 2494 1656 2549 venia
1683 2492 1830 2568 Epis-

104 2585 214 2657 copi
256 2585 568 2658 praedicare,
616 2605 674 2641 ne
717 2583 1058 2657 Regularibus
1101 2588 1306 2661 quidem
1349 2590 1399 2643 in
1434 2587 1675 2643 Ecclesiis
1715 2606 1830 2643 suo-

106 2697 216 2732 rnm
258 2678 533 2749 Ordinum,
577 2680 674 2735 nisi
718 2680 1118 2737 benedictionem
1145 2684 1210 2738 ab
1243 2682 1494 2756 Episcopo
1523 2684 1824 2757 acceperint,

104 2790 318 2843 namque
359 2776 635 2843 generatim
678 2794 706 2830 a
734 2773 1035 2832 Tridentina
1063 2775 1271 2847 Synodo
1305 2778 1550 2832 sancitum
1595 2788 1668 2832 est
1703 2796 1824 2833 sess,

108 2867 179 2917 ⁶24
223 2885 332 2939 cap.
381 2870 413 2918 4
455 2867 517 2922 de
560 2868 765 2926 reform:
812 2870 999 2925 Nullus
1040 2871 1142 2924 sive
1185 2870 1478 2925 Saecularis
1519 2871 1622 2926 sive
1661 2873 1829 2943 Requ-
