2114 3289
401 111 448 189 §-
477 133 589 169 xx1.
621 132 679 168 nr:
706 133 827 167 June
854 132 1105 169 mrssnmc,
1135 132 1274 169 Lssc‘r.
1304 130 1433 167 una.
1465 129 1616 167 PnAv.
1721 116 1788 166 73

153 255 261 293 esse
301 239 354 293 in
396 237 597 292 civitate
623 234 834 304 malum,
861 234 1012 308 quodv
1034 235 1133 310 ipsi
1175 254 1275 290 non
1301 233 1527 290 fecerint.
1556 231 1678 288 Jure
1719 233 1875 303 igitur

152 352 209 386 ac
236 332 414 386 merito
440 328 682 399 Hebraei,
727 327 930 399 Graeci,
974 327 1195 386 Romani
1223 328 1339 384 dein
1368 326 1723 403 ImperatoreS,
1767 345 1875 382 om-

151 443 336 497 nesque
377 423 501 479 bene
544 424 843 480 constitutae
886 421 1162 479 Societates
1207 423 1259 478 in
1305 421 1601 493 hujusmodi
1637 419 1875 495 pestifero

156 531 202 573 et
243 520 400 592 impio
442 517 690 574 librorum
719 536 897 588 genere
934 515 1317 572 exterminando
1362 516 1621 571 assiduam
1665 515 1880 585 diligen-

162 625 360 686 temque
403 630 607 686 operam
651 623 942 685 posuerunt.
990 609 1075 666 Sic
1127 611 1278 665 etiam
1322 608 1549 665 Ecclesia
1593 607 1878 677 Catholica,

156 727 216 762 ne
259 707 543 781 depositum
589 705 727 775 fidei,
771 717 818 760 et
861 707 1145 760 animarum
1199 705 1334 762 salus
1378 699 1747 759 indiscrimen
1791 703 1881 758 ad-

155 801 439 870 duceretur,
491 800 650 856 libros
708 798 968 871 Religioni
1012 819 1069 855 ac
1113 799 1340 855 moribus
1401 800 1582 854 noxios
1640 809 1880 872 perpetuo

153 895 366 964 notavit,
392 913 665 967 eorumque
690 894 954 949 lectionem
980 893 1262 949 interdixit.
1293 891 1422 949 Cum
1448 891 1639 948 Paulus
1667 894 1883 948 venisset

154 988 431 1062 Ephesum,
475 999 521 1043 et
563 988 792 1043 divinum
835 988 1043 1043 verbum
1087 989 1434 1057 annunciaret,
1478 987 1630 1041 multi
1674 1005 1742 1040 ex
1785 987 1879 1054 θέε,

153 1082 244 1154 qui
282 1081 492 1155 fuerant
534 1082 738 1137 curiosa
779 1082 954 1137 sectati
997 1082 1321 1136 contulerunt
1362 1081 1543 1149 libros,
1571 1092 1617 1136 et
1658 1082 1883 1135 combus-

154 1186 329 1230 serunt
389 1194 561 1230 coram
622 1175 892 1246 omnihus,
953 1176 1088 1250 quod
1148 1175 1362 1246 legimus
1415 1174 1659 1231 Actorum
1701 1174 1880 1249 Apost.

153 1268 302 1326 XIX.
365 1269 462 1326 Hic
516 1282 681 1325 autem
725 1288 823 1324 non
869 1269 1379 1325 commemorabimus
1422 1269 1654 1340 judicia,
1698 1269 1881 1342 quibus

154 1363 383 1420 Ecclesia
427 1365 478 1418 in
522 1362 766 1420 Conciliis
811 1363 1131 1434 generalibus
1176 1363 1313 1418 nullo
1356 1382 1457 1418 non
1501 1375 1725 1437 tempore
1767 1383 1883 1437 pra-

158 1478 245 1514 vos
289 1458 447 1513 libros
490 1457 770 1527 damnavit,
815 1475 997 1530 eosque
1039 1456 1137 1528 legi
1180 1468 1228 1511 et
1270 1459 1474 1513 retineri
1519 1458 1690 1513 vetuit.
1736 1455 1882 1524 Quae

157 1551 361 1626 quidem
418 1551 649 1622 judicia,
702 1553 943 1625 quoniam
993 1550 1057 1606 ad
1104 1551 1255 1607 fidem
1298 1563 1345 1606 et
1389 1570 1553 1607 mores
1596 1553 1883 1625 pertinent,

156 1657 270 1701 sunt
313 1648 476 1702 omnis
518 1647 705 1702 erroris
749 1647 993 1721 expertia.
1039 1644 1278 1720 Episcopi
1307 1647 1480 1715 etiam,
1503 1647 1608 1701 sive
1635 1665 1883 1716 seorsum,

158 1742 263 1796 sive
297 1741 349 1795 in
376 1738 620 1797 Conciliis
655 1738 1066 1797 provincialibus
1093 1741 1406 1811 congregati,
1434 1739 1593 1795 libros
1620 1738 1884 1809 damnare,

159 1854 432 1909 eorumque
491 1834 754 1891 lectionem
808 1834 1108 1890 interdicere
1152 1846 1548 1890 consueverunt:
1594 1854 1693 1908 qua
1736 1835 1788 1888 in
1831 1855 1884 1890 re

158 1942 425 2004 potuerunt
468 1931 628 1986 errori
672 1929 882 1985 obnoxii
933 1947 1078 1999 esse,
1120 1940 1167 1984 et
1208 1942 1465 2003 praeterea
1509 1949 1682 1985 eorum
1732 1931 1885 2000 juris-

157 2024 312 2080 dictio
368 2026 595 2080 terminis
648 2023 968 2080 Dioecesium
1013 2022 1088 2078 vel
1132 2021 1521 2079 provinciarum
1565 2025 1885 2079 circumscri-

158 2118 388 2174 bebatur.

237 2210 303 2267 At
345 2214 396 2267 in
439 2213 617 2287 primis
660 2211 882 2268 Romani
924 2209 1199 2269 Pontifices
1244 2213 1295 2267 in
1338 2213 1434 2267 hac
1470 2224 1605 2287 peste
1632 2212 1881 2268 librorum

158 2306 428 2362 avertenda
489 2307 694 2362 solliciti
754 2309 975 2363 maxime
1032 2307 1266 2362 fuerunt:
1326 2325 1539 2380 cumque
1583 2308 1633 2362 in
1675 2306 1882 2377 judiciis

160 2401 222 2456 de
266 2401 364 2456 fide
408 2413 454 2457 et
496 2402 722 2456 moribus
766 2421 864 2456 non
909 2421 1050 2457 secus
1093 2414 1242 2475 atque
1284 2399 1513 2456 Ecclesia
1566 2420 1734 2455 errare
1785 2420 1884 2456 non

159 2498 391 2569 possint,
455 2508 506 2551 ut
566 2516 718 2570 supra
778 2495 1039 2565 diximus,
1094 2498 1297 2569 suisque
1337 2495 1532 2567 legibus
1577 2495 1883 2551 christianos

162 2609 332 2646 omnes
377 2590 714 2661 obstringant,
743 2591 860 2646 hinc
888 2592 1124 2646 universo
1168 2610 1231 2645 ex
1274 2590 1394 2646 orbe
1439 2589 1689 2643 catholico
1734 2588 1882 2658 libri,

163 2683 224 2738 de
277 2686 459 2758 quibus
504 2686 674 2758 aliqua
719 2687 939 2759 suspicio
985 2685 1214 2754 suberat,
1259 2685 1323 2739 ad
1368 2683 1627 2738 Romanos
1671 2679 1886 2738 Pontifi-

163 2795 242 2832 ces
286 2779 638 2849 mittebantur,
684 2791 736 2834 ut
778 2780 864 2852 qui
907 2798 1080 2834 eorum
1123 2778 1315 2849 judicio
1359 2777 1559 2850 probati
1603 2788 1765 2832 essent
1810 2797 1884 2832 re-

163 2871 473 2945 ciperentur,
527 2875 612 2945 qui
658 2893 773 2929 vero
817 2873 1090 2947 improbati
1134 2873 1198 2928 ab
1242 2873 1464 2926 omnium
1510 2871 1742 2927 manibus
1789 2873 1887 2926 eri-
