2114 3289
339 85 450 135 2⁶28
514 100 607 135 Llss.
637 98 708 133 111.
739 97 784 132 c.
813 96 864 131 11.
898 95 956 130 ne
987 94 1144 130 uenus
1174 95 1313 131 ecci„
1348 94 1556 130 POTEST.
1585 93 1841 131 SUBJEGTIS

252 203 560 275 afferuntque
619 199 985 271 Imperatorum
1041 196 1310 270 exempla,
1363 199 1448 269 qui
1490 197 1600 267 jure
1642 197 1869 252 tuitionis
1912 195 1976 250 de

249 309 449 353 externa
496 293 764 366 disciplina
807 290 939 361 leges
984 289 1269 358 ediderunt,
1306 301 1353 343 et
1394 291 1687 363 praesertim
1730 277 1976 345 Justinia-

251 411 370 446 num
413 388 638 455 laudant,
665 387 750 459 qui
794 387 843 439 in
891 386 1132 458 rescripto
1177 383 1241 438 ad
1276 382 1558 438 Decianum
1595 384 1974 459 Metropolitam

251 483 444 539 Bizacii
485 484 537 536 in
578 479 753 535 Africa
796 474 894 534 sibi
936 480 1015 549 jus
1060 478 1289 533 attribuit
1331 476 1638 548 disciplinae
1681 478 1740 532 in
1784 477 1969 532 melius

251 575 536 648 auqendae.

331 669 433 727 Sed
482 672 534 726 in
574 671 754 743 primis
799 667 1069 724 videndum
1114 680 1226 737 est,
1271 686 1399 740 quae
1446 669 1512 722 sit
1553 666 1846 737 hujusmodi
1888 667 1984 722 tui-

253 766 404 822 tionis
433 767 507 821 vis
547 776 593 819 et
636 775 873 839 potestas.
918 760 1138 817 Joannes
1181 761 1386 831 Domat‚
1417 773 1590 816 auctor
1618 760 1761 816 valde
1787 761 1983 830 doctUS,

252 859 362 917 Jur.
407 857 558 916 Publ.
604 859 694 914 lib.
741 857 764 911 Ι
810 859 884 913 tit.
936 859 1005 911 19
1052 858 1119 911 ita
1163 855 1374 911 scribit:
1439 855 1522 909 Ad
1576 864 1873 927 potestatem
1933 865 1979 909 et

250 954 469 1026 officium
528 953 836 1024 Principum
890 952 1117 1024 pertinet
1164 962 1426 1022 praestare
1472 949 1726 1004 Ecclesiae
1769 966 1980 1003 suarum

251 1049 511 1104 ditionum
571 1057 730 1101 totum
788 1047 848 1100 id
900 1046 1235 1118 protectionis
1297 1057 1341 1100 et
1394 1044 1633 1111 attoeilii,
1687 1061 1786 1115 quo
1821 1053 1985 1116 potest

253 1144 505 1215 indiyere.
552 1145 714 1214 Atque
757 1140 915 1215 liujus
957 1141 1035 1195 rei
1078 1159 1231 1194 cansa
1257 1140 1528 1212 Principes
1562 1138 1832 1193 christian-i
1867 1137 1986 1210 plu-

252 1256 333 1293 res
375 1238 582 1292 edidere
626 1237 756 1307 leges
799 1236 868 1289 ad
909 1236 1270 1308 imperandam
1314 1235 1598 1288 custodiam
1643 1244 1688 1287 et
1730 1233 1988 1287 executio-

255 1351 371 1388 nem
413 1333 581 1404 leynm
624 1330 902 1397 Ecclesiae)
946 1331 1023 1384 itti
1065 1329 1295 1383 videmus
1337 1329 1394 1383 in
1440 1328 1707 1384 (lodicibus
1751 1332 1985 1401 Impera-

254 1438 425 1482 torum
476 1426 875 1480 christianorum
920 1424 1192 1479 Theodosii
1237 1434 1282 1478 et
1323 1423 1645 1489 Justinianij
1690 1433 1735 1477 et
1776 1423 1834 1477 in
1877 1421 1985 1477 edi-

255 1522 346 1577 ctis
379 1524 578 1593 Requm
614 1523 960 1586 Francorum,
988 1519 1076 1590 qni
1119 1519 1186 1573 iis
1229 1518 1485 1591 complexi
1528 1527 1644 1571 sunt
1685 1517 1986 1571 innumeras

255 1617 386 1688 leqes
430 1615 753 1687 Reliqionem
795 1614 1133 1686 respicientes
1180 1613 1249 1668 Id
1291 1623 1461 1667 mitem
1502 1631 1604 1666 non
1631 1612 1730 1684 ipsi
1754 1611 1985 1683 fecerunt

258 1711 406 1784 quasi
465 1712 536 1765 ad
595 1709 881 1764 condendos
940 1726 1193 1774 canones,
1235 1708 1314 1763 vel
1356 1719 1411 1761 ut
1453 1725 1500 1761 se
1544 1706 1855 1778 leyislatores
1897 1715 1988 1760 aut

250 1806 459 1881 judiees
519 1805 973 1860 ecclesiasticarum
1032 1822 1209 1858 rerum
1269 1803 1560 1874 eriqerent,
1614 1820 1672 1856 ac
1723 1802 1767 1855 si
1818 1801 1875 1855 in
1917 1800 1988 1856 eis

257 1902 437 1956 inesset
489 1889 710 1973 potestas
769 1900 839 1953 ad
898 1898 1220 1952 ordinandas
1272 1915 1350 1952 res
1392 1896 1790 1964 ecclesiasticaS,
1834 1895 1986 1950 sicuti

258 1996 387 2050 inest
437 1996 506 2049 ad
557 1996 776 2049 ditiones
825 2011 940 2048 snas
982 1993 1380 2065 gubernandam
1425 1992 1513 2045 sed
1552 1992 1782 2064 fecerunt
1824 1990 1988 2045 solum

259 2091 330 2146 ad
378 2090 623 2144 tuendam
666 2089 1040 2143 observantiam
1083 2089 1282 2160 leqnm,
1326 2105 1452 2158 quas
1493 2087 1720 2140 Ecclesia
1763 2097 1809 2140 et
1843 2096 1987 2158 pote-

258 2195 407 2239 states
432 2183 748 2256 spirituales,
777 2184 957 2253 quibus
988 2188 1125 2237 Deus
1168 2183 1422 2236 Ecclesiae
1458 2182 1688 2253 reyimen
1716 2180 1989 2246 commisit,

261 2281 628 2345 condiderunt,
657 2289 700 2332 et
744 2279 813 2332 ad
857 2278 1232 2349 defendendam
1277 2288 1320 2332 et
1357 2276 1763 2349 promovendam-
1806 2293 1989 2330 eoeecu-

260 2377 450 2430 tionem
493 2374 664 2445 quoad
707 2391 788 2438 ea,
828 2390 955 2443 quae
999 2373 1055 2426 in
1098 2373 1207 2427 istis
1249 2372 1441 2444 leyibns
1485 2381 1600 2425 sunt
1642 2371 1712 2425 ad
1753 2369 1988 2424 ordinem

265 2471 574 2524 eoeteriorem
603 2467 902 2540 spectantia.
949 2466 1151 2522 Certum
1178 2469 1345 2540 itaque
1371 2478 1463 2536 est,
1492 2467 1715 2521 tuitionis
1743 2465 1982 2532 officium,

264 2564 390 2621 illud
452 2564 655 2637 quidem
719 2561 885 2618 nobile
938 2573 984 2615 et
1027 2559 1318 2616 Christiano
1363 2560 1600 2634 Principe
1643 2559 1888 2628 dignum„
1934 2559 1985 2611 in

265 2659 492 2714 Ecclesia
537 2657 870 2725 defendenda,
913 2675 1011 2712 non
1054 2657 1103 2709 in
1148 2675 1204 2710 ea
1248 2655 1464 2724 regenda
1510 2653 1718 2708 versari.

342 2752 497 2820 Quod
557 2771 674 2808 vero
724 2752 787 2805 ad
839 2750 1066 2824 exempla
1110 2751 1358 2823 pertinet,
1401 2747 1715 2802 Justinianus
1760 2746 1856 2816 leg.
1906 2746 1975 2800 13

267 2847 395 2904 Cod.
440 2849 501 2903 de
544 2859 666 2902 sent.
711 2859 757 2901 et
800 2847 1025 2902 interloc.
1071 2845 1327 2912 decernit,
1388 2861 1491 2897 non
1549 2841 1837 2913 eoeempli‘S,
1899 2840 1987 2895 sed
