2114 3289
0 2876 27 2990 l

21 2954 57 3103 ’.ξ

24 2989 30 3004 δ

54 3096 61 3121 1

394 139 440 216 §-
470 161 542 198 xl.
572 160 632 197 DE
660 159 1004 197 EXPOSITIONE
1036 158 1313 195 EARUMDEM
1342 157 1587 196 Nomium
1699 142 1768 194 23

132 264 230 334 sia,
273 283 333 320 ea
373 281 476 318 non
510 262 775 334 pertinent
816 261 887 314 acl
922 260 1096 334 fidem,
1134 260 1225 314 hoc
1269 270 1337 315 est
1379 277 1482 313 non
1524 269 1640 312 sunt
1683 258 1851 314 catho-

131 357 262 414 licoe
299 358 423 432 fidei
459 356 689 431 judicia.
735 355 987 411 Hactenus
1031 354 1284 411 Melchior
1325 353 1512 410 Canus.

904 524 948 600 §.
1001 532 1090 584 12.

646 667 718 712 DE
756 665 1086 712 CANONIBUS
1124 665 1333 711 MORUM

208 827 654 896 Quemadmodum
696 829 971 900 dogmatici
1014 846 1229 882 canones
1273 827 1498 905 regulam
1533 845 1706 882 eorum
1750 837 1850 881 sta—

129 934 289 992 11111111,
333 942 460 997 quae
504 923 716 977 firmiter
756 925 808 978 in
851 922 998 977 rebus
1044 922 1162 978 fidei
1212 922 1422 977 tenenda
1477 933 1610 991 sunt,
1652 920 1724 976 ita
1770 940 1851 975 ca-

128 1037 283 1075 nones
327 1038 524 1075 morum
567 1039 624 1074 ea
666 1031 912 1093 spectant,
955 1037 1082 1091 quae
1124 1020 1177 1073 in
1220 1019 1454 1074 humanis
1499 1018 1693 1074 actibus
1740 1037 1855 1091 pro—

127 1125 236 1187 pter
279 1133 330 1170 se
381 1115 589 1170 honesta
648 1125 782 1183 sunt9
844 1113 919 1167 vel
981 1114 1166 1187 turpia,
1210 1112 1434 1185 adeoque
1498 1112 1572 1167 vel
1634 1111 1851 1182 agenda,

133 1208 208 1263 vel
269 1207 563 1264 omittenda.
618 1206 896 1263 Versantur
955 1198 1124 1279 itaque
1182 1207 1234 1260 in
1293 1205 1633 1279 proponendis
1694 1206 1854 1279 expli-

130 1302 405 1375 candisque
448 1303 725 1376 praeceptis
769 1301 1103 1369 natiiralibuS‚
1148 1301 1330 1374 quibus
1374 1318 1539 1355 mores
1584 1300 1849 1354 hominum

129 1396 482 1452 informantur.
511 1394 690 1450 Plures
734 1397 840 1467 ejus
883 1397 1080 1465 generis
1125 1413 1340 1450 canones
1384 1395 1434 1448 in
1479 1392 1690 1449 Decreto
1717 1390 1849 1449 Gra-

129 1493 255 1546 tiani
297 1491 531 1562 legimus9
575 1491 741 1565 plures
786 1492 937 1546 etiam
980 1492 1032 1545 in
1076 1490 1233 1545 titulis
1277 1489 1637 1558 Decretalium‚
1681 1489 1853 1562 quales

128 1596 243 1640 sunt
284 1585 347 1640 de
388 1587 571 1659 pactis,
615 1585 676 1640 de
717 1584 1068 1656 jurejurando,
1114 1585 1174 1639 de
1217 1584 1516 1654 homicidio,
1554 1584 1614 1639 de
1659 1584 1850 1639 adulte-

132 1680 242 1749 riis,
287 1680 349 1734 (16
393 1679 562 1750 furtis,
612 1680 673 1735 de
715 1681 903 1748 usuris,
948 1678 1009 1735 de
1051 1680 1253 1750 injuriis
1297 1679 1511 1752 aliisque
1564 1678 1617 1734 id
1678 1698 1854 1750 3611115,

131 1774 314 1847 quibus
358 1775 572 1831 moralia
616 1785 880 1849 praecepta
925 1774 1257 1830 illustrantur.
1286 1772 1424 1829 Haec
1452 1785 1617 1829 autem
1656 1792 1854 1830 morum

130 1880 396 1943 praecepta
440 1888 468 1924 a
512 1869 729 1924 naturali
771 1869 960 1924 lumine
1000 1868 1246 1943 profecta,
1298 1888 1387 1943 per
1428 1868 1588 1940 legem
1641 1887 1856 1940 evange-

131 1962 285 2018 licam
328 1965 524 2035 integra
567 1965 645 2019 sui
687 1962 992 2037 perfectione
1018 1976 1065 2018 et
1108 1963 1470 2037 complemento
1498 1963 1683 2019 donata
1715 1975 1858 2033 sunt3

132 2077 249 2113 nam
293 2056 527 2114 Christus
570 2057 715 2114 Jcsus
758 2077 858 2114 non
904 2059 1037 2114 venit
1079 2058 1272 2113 solvere
1333 2058 1513 2129 legem,
1557 2058 1645 2113 sed
1689 2059 1852 2113 adim-

131 2151 292 2226 plere:
338 2152 667 2225 quamobrem
727 2150 1002 2208 Gratianus
1063 2153 1114 2207 in
1175 2154 1336 2226 princ.
1384 2152 1502 2209 dist.
1552 2154 1576 2205 1
1628 2153 1849 2208 scribere

129 2264 227 2302 non
271 2245 542 2315 dubitavit,
584 2249 678 2300 Jus
720 2246 958 2301 nalztrale
1000 2246 1058 2300 in
1100 2246 1384 2319 Evanqelio
1428 2247 1699 2303 contineri.

208 2339 275 2395 At
317 2360 434 2396 vero
478 2340 706 2397 Ecclesia
748 2342 800 2396 in
845 2340 1103 2397 tradendis
1148 2341 1426 2398 canonibus
1463 2361 1661 2397 morum
1689 2360 1857 2397 errare

131 2455 230 2491 non
290 2447 469 2510 potest.
533 2432 768 2510 Namque
830 2434 1066 2493 Christus
1127 2436 1382 2511 pollicitus
1437 2448 1548 2506 est,
1602 2436 1858 2509 Spiritum

129 2533 374 2587 Sanctum
435 2531 707 2586 docturum
766 2531 1049 2587 Ecclesiam
1110 2550 1311 2586 omnem
1370 2532 1670 2597 veritatem,
1732 2551 1860 2604 quae

133 2625 324 2680 scilicet
366 2637 495 2682 esset
536 2625 601 2680 ad
645 2625 1048 2700 consequendam
1092 2627 1303 2682 salutem
1346 2627 1647 2682 necessaria.
1705 2622 1859 2699 Atqui

134 2718 198 2774 ad
256 2739 366 2775 eam
427 2719 832 2794 consequendam
876 2723 1188 2777 necessariae
1232 2734 1344 2777 sunt
1386 2740 1486 2775 non
1530 2719 1681 2776 modo
1726 2724 1854 2776 veri-

134 2825 256 2872 tates
300 2816 437 2886 fidei,
481 2815 569 2872 sed
610 2817 762 2872 etiam
806 2835 1036 2873 morum:
1080 2819 1236 2888 igitur
1280 2817 1388 2872 fieri
1432 2836 1529 2872 non
1574 2828 1754 2890 potest,
1801 2831 1852 2872 ut

135 2908 360 2965 Ecclesia
418 2910 634 2967 errando
692 2911 744 2966 id
806 2911 982 2967 doceat
1044 2911 1119 2966 vel
1173 2911 1484 2985 praescribat
1535 2912 1669 2985 quod
1718 2924 1857 2986 turpe

134 3015 226 3074 est,
272 3004 347 3061 vel
392 3010 621 3085 reprobet
662 3012 797 3085 quod
842 3011 1105 3067 honestum
1148 3022 1237 3068 est.
