2114 3289
442 111 490 188 ὃ.
536 134 676 170 xtlv.
723 133 783 169 DE
830 131 1257 170 PATRIARCHARUJI
1300 130 1504 167 sumnus
1640 116 1749 170 173

180 236 408 295 Alterum
451 235 871 293 Patriarcharum
912 237 993 308 jus
1029 247 1156 306 erat,
1183 254 1246 292 ex
1273 235 1550 309 provinciis
1587 234 1687 291 sibi
1714 235 1832 291 sub-

99 333 242 404 jectis
285 330 522 402 Synodos
566 349 763 401 cogere,
808 327 1098 403 eisdemque
1140 329 1450 406 praesidere.
1592 340 1594 342 ’

173 426 403 481 Tertium
445 436 552 480 erat
602 444 630 480 a
692 423 1135 498 Metropolitarum
1193 423 1400 495 judiciis
1460 423 1822 498 appellationes

101 521 348 592 accipere.

180 613 337 669 Erant
395 625 653 687 praeterea
713 611 1032 668 Patriarchis
1095 613 1197 668 alia
1255 613 1392 684 jura,
1449 613 1530 683 jus
1591 631 1680 670 ex,
1742 632 1830 684 gr.

96 728 311 764 canones
355 707 420 762 ad
465 708 753 762 universam
806 705 1089 761 Ecclesiam
1150 718 1429 780 spectantes
1486 705 1829 781 Metropolitis

97 815 144 858 et
186 802 453 877 Episcopis
498 800 856 876 patefaciendi,
899 801 979 871 jus
1022 802 1306 856 enormium
1332 802 1603 856 criminum
1631 802 1831 857 veniam

98 898 195 953 sibi
241 896 555 965 reservandi,
598 896 678 965 jus
724 893 1070 968 Stauropegii,
1113 907 1160 950 et
1202 895 1303 950 alia
1347 895 1573 966 ejusdem
1615 898 1836 966 generiS,

94 1011 222 1064 quae
265 991 400 1065 apud
444 991 716 1045 canonicae
761 990 832 1044 rei
876 990 1194 1063 interpreteS,
1236 1002 1282 1044 et
1343 992 1641 1064 praesertim
1695 990 1830 1065 apud

94 1086 496 1141 Thomassinum
540 1084 602 1138 de
646 1095 741 1140 vet.
787 1096 833 1139 et
876 1103 993 1139 noV.
1039 1082 1177 1139 Eccl.
1224 1084 1427 1157 discipl.
1483 1096 1614 1158 part.
1665 1087 1689 1138 1
1741 1085 1832 1140 lib.

99 1183 124 1233 1
177 1200 288 1254 cap.
337 1185 392 1248 9,
435 1191 481 1234 et
524 1179 596 1234 lib
644 1180 708 1232 11
760 1198 872 1253 cap.
919 1181 1015 1247 58,
1041 1190 1088 1233 et
1115 1178 1250 1252 apud
1277 1178 1530 1233 eruditum
1558 1177 1829 1235 Auctorem

98 1275 470 1331 dissertationis
515 1274 578 1327 (Ze
622 1273 950 1327 Patriarclzz's
994 1272 1190 1329 Romae
1250 1292 1367 1329 ann.
1433 1275 1584 1328 1776
1646 1273 1831 1344 editae,

96 1369 295 1425 abunde
339 1369 592 1442 descripta
636 1380 784 1440 atque
827 1368 1078 1422 illustrata
1122 1368 1462 1423 inveniuntur.

154 1504 411 1550 Enunciati
448 1510 652 1561 quatuor
687 1503 898 1549 Orientis
934 1501 1286 1548 Patriarchatus
1322 1499 1599 1560 jamdudum
1645 1502 1846 1550 extincti

88 1591 215 1641 sunt,
253 1597 346 1631 una
382 1590 690 1643 permanente
726 1585 936 1630 Romana
973 1583 1112 1639 Sede,
1149 1596 1269 1641 quae
1322 1590 1550 1642 perpetuo
1594 1586 1739 1630 stabit
1786 1586 1840 1631 in

88 1679 142 1714 ea
177 1673 328 1725 petra,
367 1666 417 1711 in
453 1678 546 1724 qua
581 1665 813 1711 divinitus
861 1664 1060 1711 fundata
1112 1671 1199 1710 est.
1238 1666 1296 1710 At
1342 1677 1399 1711 ex
1435 1665 1588 1711 ruinis
1632 1667 1843 1712 Patriar-

86 1748 309 1794 chatuum
367 1747 684 1793 Orientalium
731 1759 815 1805 pro
866 1753 1101 1792 sectarum
1152 1746 1457 1792 multitudine
1508 1753 1554 1792 et
1610 1748 1842 1794 varietate

86 1830 225 1876 multi
260 1830 562 1876 patriarchae
599 1835 910 1884 emerserunt,
950 1829 1074 1875 inter
1108 1841 1226 1886 quos
1274 1829 1602 1875 Antiochenus
1637 1831 1844 1876 Patriar-

85 1911 172 1958 cha
206 1912 491 1957 Graecorum
539 1910 888 1965 Melchitarum,
938 1909 1210 1956 patriarcha
1256 1911 1584 1957 Antiochenus
1631 1912 1843 1957 Maroni-

87 1999 260 2048 tarum,
296 1993 622 2038 Antioc-lienus
657 1992 930 2038 Patriarcha
965 1991 1211 2049 Syrorum,
1236 1993 1509 2038 patriarcha
1545 1993 1844 2051 babylonen-

91 2075 156 2119 sis
191 2074 403 2119 nationis
426 2073 770 2119 Chaldaeorum
795 2073 843 2118 in
880 2073 1240 2132 Mesopotamia,
1268 2079 1313 2119 et
1348 2073 1622 2120 patriarcha
1644 2074 1841 2121 Ciliciae

87 2156 414 2210 Armenorum,
451 2155 534 2213 qui
569 2154 793 2201 catholici
831 2161 959 2211 sunt,
985 2155 1368 2205 commumonem
1405 2162 1451 2201 et
1486 2156 1692 2214 gratiam
1716 2156 1843 2214 Apo-

88 2236 285 2282 stolicae
333 2236 470 2282 Sedis
518 2236 764 2282 habentes.
816 2236 958 2282 Hisce
1006 2236 1294 2283 patriarchis
1344 2237 1507 2283 eadem
1557 2235 1654 2283 sere
1701 2233 1837 2294 jura,

85 2317 257 2375 quihus
295 2317 594 2363 patriarchae
631 2317 816 2375 antiqui
853 2315 1150 2373 fruebantur,
1185 2317 1458 2376 Apostolica
1495 2318 1640 2364 Sedes
1675 2318 1842 2376 largiri

89 2398 224 2444 solet.
265 2397 355 2444 Sed
392 2410 586 2444 necesse
638 2405 725 2454 est,
766 2405 816 2444 ut
866 2411 1017 2444 novus
1053 2399 1253 2456 quisque
1304 2399 1575 2445 Pau-taretia
1611 2398 1668 2443 ad
1705 2410 1845 2456 prae·
1881 2447 1883 2449 ,

87 2479 289 2537 scriptas
324 2478 550 2525 formulas
585 2485 632 2525 et
667 2479 952 2526 catholicam
989 2479 1126 2526 fidem
1160 2480 1455 2539 profiteatur,
1480 2486 1527 2525 ct
1563 2491 1839 2526 sacramen-

86 2565 184 2605 tum
219 2560 463 2610 fidelitatis
499 2566 726 2618 praestet,
764 2567 862 2606 tum
898 2574 1009 2607 suae
1048 2561 1300 2608 electionis
1336 2561 1765 2616 confirmationem,
1791 2568 1838 2607 et

82 2643 277 2700 pallium
316 2656 342 2689 a
376 2645 587 2690 Romano
613 2645 836 2690 Pontifice
875 2652 1211 2702 consequatur.
1238 2645 1352 2690 Vide
1390 2644 1647 2690 Constitut.
1682 2645 1833 2690 Benc-

84 2724 201 2770 dicti
238 2726 335 2772 XIV
372 2725 532 2788 Nuper
569 2724 628 2772 acl
665 2726 757 2774 Nos
794 2728 953 2773 datam
987 2728 1064 2773 die
1109 2728 1165 2773 16
1203 2727 1361 2773 martii
1405 2725 1547 2771 1743.

150 2806 203 2850 ln
239 2806 452 2854 Ecclesia
488 2809 784 2856 occidentali
830 2816 938 2856 sunt
989 2810 1071 2855 alii
1109 2808 1407 2855 Patriarchac
1455 2807 1661 2854 minores
1696 2807 1832 2864 dicti,

87 2887 306 2934 videlicet
342 2890 615 2938 Patriarcha
653 2892 878 2946 VenetuS,
917 2889 1324 2950 olyssiponensis,
1365 2896 1411 2936 ct
1450 2889 1708 2944 indiarum,
1751 2891 1832 2948 qui
