2114 3289
338 148 408 198 86
578 164 693 201 cst.
737 163 789 199 11.
835 162 896 198 m:
940 161 1184 200 roN‘rmns
1224 163 1362 201 sums
1405 164 1670 202 οΑΝοΝῐοι-

241 264 621 327 confirmabatur.
664 266 726 310 De
748 278 840 325 qua
869 262 979 310 haec
1001 262 1192 324 ipsemet
1218 263 1279 310 ad
1298 265 1487 327 Illyrici
1510 265 1764 329 Episcopos
1787 267 1973 315 scribit:

244 359 264 382 α
286 361 427 407 neque
450 345 574 392 enim
592 344 728 406 praej
735 343 943 390 adiciam
977 344 1168 406 aliquod
1189 347 1296 408 fieri
1313 347 1472 407 potnit
1491 362 1575 408 per
1597 362 1842 395 nanterum
1865 347 1980 396 Ari-

245 429 366 475 mini
400 436 739 490 conqreqatam:
778 428 961 489 quando
985 444 1126 491 neque
1148 445 1371 476 romanus
1401 431 1677 493 Episcopus,
1702 433 1838 494 cujus
1869 440 1977 478 ante

239 511 399 556 omnia
433 510 615 557 decebat
649 526 721 557 eos
756 517 1000 571 escpectare
1035 509 1267 558 decretam
1273 545 1365 557 .....
1404 511 1579 560 talibus
1608 514 1831 574 praebuit
1866 529 1978 560 con-

241 607 425 638 sensum
459 614 494 637 n.
533 590 701 637 Eodem
735 599 909 653 spectat
930 592 1081 638 altera
1103 594 1197 640 ista
1220 593 1421 655 ejusdem
1457 595 1652 641 Damasi
1686 594 1748 641 acl
1781 594 1980 656 Stepha-

240 687 373 730 num,
397 679 438 719 et
460 672 712 719 concilium
745 673 1018 733 africanum
1052 674 1300 722 scribentis
1335 675 1550 736 epistola.-
1589 689 1608 711 «
1643 677 1812 734 nostis,
1838 692 1981 738 syno-

241 752 349 799 dum
384 754 483 800 sine
519 754 622 816 ejas
661 752 897 818 (loquitur
931 754 984 802 de
1020 771 1217 802 romana
1253 754 1499 819 cathedra)
1538 757 1819 804 auctoritate
1849 759 1975 820 fieri,

240 852 334 882 non
357 851 448 883 esse
492 837 793 892 catholicam:
831 854 973 901 neque
1008 839 1109 885 ulla
1144 854 1349 901 unquam
1387 839 1590 886 concilia
1611 846 1719 886 rata
1742 839 1976 901 leguntur,

246 932 361 978 qnae
396 933 490 964 non
523 919 618 964 sint
655 919 780 981 falla
816 920 1073 980 apostolica
1102 921 1384 967 auctoritate
1409 945 1444 965 ».
1470 919 1614 982 Atque
1644 927 1752 968 ante
1782 922 1979 968 Damasi

248 1005 454 1059 tempora
487 999 647 1045 Julius
682 1000 914 1062 Pontifex
936 1001 988 1047 in
1011 1017 1096 1048 sna
1118 1000 1179 1048 ad
1201 1002 1452 1048 orientales
1478 1002 1729 1063 Episcopos
1759 1001 1975 1064 epistola,

249 1093 387 1140 quam
421 1080 651 1142 inteqram.
686 1082 832 1143 refert
867 1082 1156 1129 Athanasius
1194 1080 1219 1145 (
1243 1083 1373 1145 Apol.
1402 1085 1450 1141 2,
1484 1090 1525 1129 et
1549 1090 1743 1145 exparte
1766 1084 1979 1132 Socrates

249 1160 330 1207 lib.
369 1163 399 1207 2
434 1177 535 1224 cap.
579 1165 656 1219 17,
694 1171 736 1210 et
770 1165 1054 1211 Sozomenus
1090 1165 1169 1211 lib.
1209 1166 1236 1210 3
1273 1180 1374 1226 cap.
1421 1161 1526 1225 10)
1565 1164 1735 1211 diserte
1777 1166 1975 1224 asserit,

247 1240 395 1302 fuisse
429 1259 458 1289 a
492 1246 670 1292 sanctis
706 1245 939 1306 Apostolis
973 1245 1227 1304 traditum,
1263 1245 1428 1294 deinde
1464 1247 1517 1292 in
1551 1261 1719 1306 vnaqna
1753 1243 1880 1307 (hoc
1913 1253 1981 1294 est

245 1323 455 1371 Nicaena
476 1325 649 1387 synodo
673 1323 698 1387 )
723 1326 1030 1385 declaratam,
1055 1343 1147 1373 non
1168 1343 1296 1388 posse
1319 1328 1465 1374 ullam
1486 1328 1733 1374 convocari
1753 1327 1979 1390 synodum

246 1405 532 1464 inconsulto,
568 1416 651 1454 aut
684 1408 835 1454 invito
871 1423 1063 1455 romano
1100 1409 1344 1472 Pontifice.

314 1490 379 1534 De
415 1490 771 1537 confirmatione
805 1491 1123 1537 Conciliornm
1160 1492 1451 1550 generalium
1489 1499 1635 1551 agunt
1668 1493 1831 1538 Petrus
1873 1491 1981 1538 Bal-

242 1568 383 1615 Ierini
405 1570 471 1616 De
491 1577 715 1631 potestate
738 1572 911 1618 Samm.
938 1570 1242 1634 Pontificum,
1279 1579 1321 1618 et
1351 1572 1666 1619 Conciliorum
1690 1571 1981 1633 qeneralium

243 1662 345 1708 cap.
383 1651 430 1706 2,
468 1651 496 1696 3
535 1659 582 1699 et
617 1654 664 1706 4,
705 1660 752 1698 et
787 1654 983 1699 Ioannes
1019 1654 1230 1712 Baptista
1266 1654 1473 1700 Bartholi
1509 1653 1806 1701 Institution.
1843 1652 1979 1700 Juris

243 1731 471 1778 Canonici
503 1746 605 1792 cap.
645 1735 784 1789 XXII,
822 1740 866 1780 et
903 1735 1062 1779 XXIII.

1019 1924 1063 2000 g.
1113 1933 1204 1982 37.

642 2078 714 2122 DE
753 2078 1038 2125 CONCILIIS
1086 2077 1576 2124 PARTICULARIBUS

331 2249 613 2326 Scriptores
654 2257 948 2327 praesertin]
992 2267 1178 2310 veteres
1240 2254 1467 2310 solebant
1509 2254 1834 2328 particulares
1875 2252 1970 2325 Sy-

253 2346 411 2402 nodos
472 2347 709 2402 bifariam
760 2351 978 2421 partiri,
1024 2352 1074 2404 in
1110 2349 1493 2421 provincialeS‚
1536 2360 1582 2404 et
1625 2348 1967 2403 dioecesana&

251 2438 353 2494 Sed
414 2442 799 2514 provincialium
860 2441 1182 2511 Synodorum
1242 2445 1441 2498 nomine
1503 2454 1606 2498 tum
1656 2442 1970 2510 nationales,

252 2546 354 2589 tum
398 2536 730 2608 provinciales
774 2536 1135 2605 intelligebant.
1181 2534 1291 2592 Nos
1337 2539 1504 2609 itaque
1541 2538 1749 2607 majoris
1778 2537 1970 2610 perspi-

253 2629 450 2683 cuitatis
511 2630 674 2700 gratia
735 2626 962 2684 Concilia
1015 2631 1340 2702 particularia
1385 2629 1662 2685 dividimus
1705 2631 1756 2684 in
1797 2629 1968 2684 natio-

251 2720 419 2788 naliaJ
454 2721 829 2794 provincialia,
872 2734 918 2777 et
960 2721 1281 2779 dioecesana.

334 2812 627 2872 Nationalia
689 2828 838 2885 snnt9
898 2835 1023 2889 qnae
1067 2836 1094 2870 a
1137 2814 1455 2871 Patriarehis
1519 2817 1594 2871 vel
1653 2814 1966 2872 primatibus

254 2908 466 2978 alicujus
529 2913 668 2980 regni
735 2911 807 2965 vel
869 2912 1120 2979 nationi5‚
1182 2912 1468 2967 convocatis
1513 2911 1662 2966 totius
1706 2912 1846 2982 regni
1891 2911 1965 2966 vel
