2114 3289
613 88 657 164 §-
704 112 787 148 Lx.
835 112 894 148 DE
936 114 1058 149 June
1104 113 1381 152 Novlssmo
1667 98 1775 150 139

213 215 328 272 Jam
373 235 487 271 vero
530 232 746 270 ccmones
806 215 1153 269 Conciliorum
1197 227 1243 270 et
1285 215 1639 270 Decrelalium
1682 218 1863 270 Ponti-

128 310 306 382 ficum,
354 328 480 382 quae
523 321 634 383 post
677 307 878 364 Sixtum
923 308 996 363 IV
1038 310 1350 383 prodierunt,
1395 313 1445 365 in
1489 329 1670 366 novam
1714 311 1863 366 colle-

133 406 346 459 ctionem
390 422 567 473 cogere
611 404 803 475 primus
847 405 1071 458 omnium
1118 402 1394 474 Gregorius
1425 403 1547 458 Xlll
1592 404 1860 459 meditatus

131 509 224 566 est3
267 497 374 565 sed,
419 496 641 552 noudum
685 515 833 571 opere
876 496 1126 566 absoluto,
1171 517 1459 571 supremum
1504 498 1637 552 diem
1682 497 1857 553 obivit.

131 590 262 646 Tum
290 589 464 646 Sixtus
509 589 554 644 V
584 592 635 645 in
662 590 796 645 idem
826 609 949 664 opus
980 591 1225 659 incubuit,
1258 591 1344 645 sed
1382 611 1438 646 eo
1482 611 1679 665 quoque
1723 611 1858 646 mor-

130 696 233 753 tuo,
278 704 401 758 opus
446 684 539 739 sub
579 682 831 739 Clemente
875 682 1001 737 VIII
1048 684 1347 753 confectum,
1400 698 1446 740 et
1489 689 1620 759 typis
1664 685 1853 740 editum

129 790 202 834 est
245 778 337 833 sul)
392 778 533 834 titulo
578 777 783 834 «Liber
846 778 1103 850 Septimus
1166 780 1518 834 Decretalium
1581 780 1850 834 Clementis

143 875 289 927 VIII
320 882 367 938 »,
400 873 545 944 quasi
588 884 700 946 post
759 870 968 927 Sextum
1029 871 1368 927 Decretalium
1428 873 1682 929 Bonifacii
1731 872 1854 927 VIII

128 965 488 1036 subjiciendus,
534 963 873 1020 Veruntamen
918 965 1108 1021 obortis
1154 965 1555 1036 difficultatibus9
1587 987 1711 1040 quas
1756 968 1854 1022 late

133 1071 492 1114 commemorat
536 1058 801 1130 Fagnanus
846 1061 896 1113 in
941 1079 1049 1132 cap.
1097 1063 1225 1114 Cum
1267 1062 1514 1114 venissent
1557 1062 1617 1116 (le
1670 1062 1850 1132 judic„

130 1170 398 1225 suppressa
454 1153 573 1224 fuit,
617 1165 667 1207 ut
711 1155 868 1226 ipsius
912 1152 1140 1223 Fagnani
1205 1154 1367 1208 verbis
1412 1166 1632 1223 utamur,
1692 1154 1851 1227 hujus

125 1249 401 1303 voluminis
424 1249 712 1321 publicatio
743 1249 892 1303 ¹miris
923 1250 1221 1303 elucrubata
1252 1250 1513 1303 laboribus
1553 1262 1595 1303 et
1625 1251 1844 1321 vigiliis,

126 1355 169 1396 et
215 1343 545 1410 Praesulum,
590 1343 1012 1415 Gyumasiorum,
1055 1343 1306 1414 totiusque
1348 1344 1604 1398 Ecclesiae
1647 1346 1850 1399 vocibus

127 1439 421 1509 efflagitata.

201 1532 392 1587 Eodem
438 1532 592 1587 ferme
622 1544 842 1606 tempore
872 1529 1052 1587 Petrus
1083 1530 1370 1587 Matthaeus
1400 1531 1540 1588 Juris
1572 1532 1842 1590 Consultus

121 1624 477 1698 Lugdunensis
521 1646 584 1681 ex
643 1625 989 1682 Decretalibus
1033 1647 1060 1681 a
1123 1625 1269 1682 Sixto
1314 1626 1387 1681 IV
1429 1627 1494 1682 ad
1556 1627 1757 1684 Sixtum
1802 1627 1847 1683 V

121 1720 270 1775 editis
303 1740 485 1776 novam
529 1721 871 1776 collectionem
901 1717 1099 1794 privato
1144 1721 1310 1776 studio
1349 1724 1650 1796 composuit,
1695 1743 1846 1795 quam

122 1834 251 1870 anno
315 1817 464 1870 1590
527 1815 797 1885 evulgavit.
858 1814 967 1871 Hoc
1013 1835 1136 1889 opus
1181 1817 1231 1870 in
1295 1815 1548 1888 aliquibus
1604 1815 1847 1891 Corporis

120 1906 255 1962 Juris
302 1909 607 1963 editionibus
640 1920 751 1982 post
794 1907 1194 1981 Extravagantes
1240 1908 1543 1965 Communes
1589 1911 1842 1981 adjectum

118 2014 191 2057 est
234 2003 326 2057 sub
373 2003 513 2058 titulo
557 2024 584 2059 ((
626 2002 774 2056 Liber
817 2002 1070 2074 Septimus
1113 2003 1468 2057 Decretalium
1521 2003 1846 2058 Constitutio-

117 2110 240 2149 mtm
272 2095 682 2168 Apostolicarum
713 2095 947 2168 adjectus
977 2097 1046 2150 ad
1080 2098 1294 2169 plenam
1325 2108 1368 2151 ec
1394 2097 1673 2169 perfectam
1701 2099 1846 2153 Iuris

119 2190 400 2262 Apostolici
441 2190 841 2261 coquitioncm».
887 2189 986 2245 Sed
1050 2191 1343 2262 hujusmodi
1405 2190 1581 2248 Codex
1641 2194 1844 2267 publica

124 2286 419 2340 auctoritate
462 2296 613 2339 caret.
659 2283 713 2338 Iu
746 2303 802 2338 eo
834 2303 1030 2357 quoque
1077 2287 1198 2340 vitia
1243 2304 1337 2341 non
1385 2286 1581 2357 desunt,
1611 2299 1657 2341 et
1688 2288 1841 2342 multa

124 2378 266 2433 utilia
310 2378 675 2434 desiderantur.

205 2471 311 2528 Sul)
353 2473 528 2529 eodem
573 2471 718 2529 Sixto
760 2471 826 2543 V,
871 2472 1101 2529 Laertius
1146 2472 1466 2530 Cherubinus
1498 2475 1562 2529 ad
1607 2475 1844 2545 colligen-

124 2567 215 2622 das
259 2567 570 2640 Pontificum
614 2567 1005 2621 Constitute'ones
1035 2588 1124 2623 sua
1156 2568 1322 2623 studia
1367 2569 1594 2637 contulit,
1625 2580 1671 2623 et
1700 2582 1845 2640 quot-

123 2672 242 2732 quot
299 2662 521 2716 invenire
582 2664 743 2735 potuit
805 2674 945 2716 extra
1007 2659 1203 2736 Corpus
1248 2660 1385 2716 Juris
1433 2673 1668 2731 vagantes
1712 2682 1740 2716 a
1785 2661 1840 2718 S.

125 2751 288 2808 Leone
318 2753 506 2825 Magno
538 2755 602 2810 ad
632 2757 796 2829 ipsum
822 2755 1023 2811 Sixtum
1052 2754 1120 2825 V,
1151 2767 1346 2810 servato
1377 2756 1613 2828 temporis
1645 2755 1841 2827 ordine,

124 2848 172 2901 in
205 2866 353 2902 unum
385 2849 611 2903 volumen
642 2849 852 2920 redegit,
880 2849 1016 2922 quod
1047 2849 1345 2904 Bullarium
1376 2848 1665 2922 appellavit.
1697 2848 1840 2924 Opus
