2114 3289
348 125 460 177 192
522 141 613 178 Llss.
641 141 693 176 11.
722 140 768 175 c,
796 138 847 174 ιι.
879 138 939 173 DE
968 137 1126 173 EPlsc.
1156 138 1386 182 EORUMQ.
1415 141 1524 175 JUR.
1556 140 1615 174 ET
1643 140 1851 177 orrtcns

254 244 321 299 ab
379 263 553 300 eorum
612 239 1104 318 praedecessoribuS‚
1149 241 1226 296 vel
1278 243 1332 297 in
1382 240 1591 313 Synodo
1633 243 1984 312 Dioecesana,

256 340 361 393 sive
387 351 528 393 extra
556 333 819 405 Synodum
861 333 977 387 latis
1021 331 1315 408 dispensare
1357 348 1596 408 possunt5
1640 336 1804 390 omnis
1850 335 1988 390 enim

256 449 336 486 res
387 449 484 504 per
543 445 883 500 quascumque
943 444 1119 481 causas
1162 427 1392 482 nascitur
1427 446 1523 500 per
1566 430 1767 484 easdem
1810 429 1991 484 dissol-

255 525 412 580 vitur.
477 522 543 577 At
604 541 720 578 vero
779 540 931 596 snper
982 521 1178 593 legibus
1223 520 1551 577 Summarum
1592 523 1901 580 Pontificum
1942 534 1990 578 et

258 616 604 674 Conciliorum
648 615 980 687 generalium,
1006 626 1053 670 et
1097 616 1373 671 universim
1417 632 1563 690 super
1603 619 1712 688 jare
1755 617 1990 673 ecclesia-

257 714 382 768 stico
426 712 702 780 communi,
756 710 892 766 nulla
935 722 1010 766 est
1049 709 1318 785 Episcopis
1363 711 1693 786 dispensandi
1737 711 1992 783 facultas3

260 806 412 880 idque
455 818 507 861 ut
549 807 621 861 ait
661 803 851 862 Garcia
893 817 1025 880 part.
1074 808 1108 858 Ξ.)
1151 824 1261 880 cap.
1310 809 1341 859 5
1387 824 1525 862 num.
1574 807 1709 874 351,
1746 806 1988 877 provenit

261 919 328 955 eac
369 911 562 954 natura
603 899 720 966 rei,
764 899 889 970 quia
930 899 1212 973 Episcopus
1255 909 1324 953 est
1365 899 1628 972 inferior,
1674 910 1720 953 et
1771 899 1994 972 inferior

261 1013 365 1049 non
411 994 558 1049 habet
593 1004 894 1068 potestatem
935 993 993 1048 in
1035 994 1383 1067 superiorem,
1426 1012 1517 1048 nec
1558 994 1616 1048 in
1659 993 1773 1068 ejus
1814 993 1992 1064 legem.

260 1090 393 1147 Hinc
453 1089 880 1165 Archiepiscopus
939 1088 1259 1145 Trevirensis
1321 1090 1386 1146 ad
1439 1088 1802 1164 Imperatorem
1853 1088 1995 1145 Jose-

262 1187 420 1260 phum
462 1183 513 1240 ΙΙ
554 1187 661 1257 ejus
704 1183 913 1240 fratrem
956 1185 1078 1239 scite
1121 1183 1399 1239 admodum
1442 1186 1512 1240 ita
1562 1186 1802 1258 scripsit:
1855 1183 1992 1241 Mihi

256 1280 572 1353 persuadere
614 1277 758 1333 nullo
800 1278 954 1333 modo
987 1277 1169 1351 potui,
1213 1279 1487 1351 Episcopos
1529 1278 1819 1350 oriqinarie
1853 1288 1999 1351 pote-

262 1385 440 1430 statem
499 1373 728 1434 ha'buisse
787 1373 1191 1445 dispensationes
1251 1373 1602 1440 concedendi,
1654 1391 1876 1444 quarum
1934 1372 1997 1427 ab

263 1469 540 1524 octodecim
582 1479 720 1523 retro
761 1467 975 1522 saeculis
1016 1487 1078 1521 ne
1122 1467 1201 1522 cel
1242 1486 1405 1521 unu-m
1437 1468 1593 1521 datur
1620 1467 1995 1541 memphim...

263 1566 603 1636 Nequaquam
659 1563 825 1634 iqitur
884 1565 1124 1618 Summus
1183 1562 1435 1634 Pontifex
1477 1562 1752 1635 Episcopos
1793 1561 1997 1634 dispen-

263 1659 415 1713 sandi
449 1668 694 1730 potestate
737 1655 997 1728 spoliarit,
1035 1675 1124 1711 nec
1167 1673 1214 1711 se
1259 1657 1438 1711 eadem
1481 1656 1830 1729 spoliaverunt
1871 1656 1997 1728 Epi-

265 1753 401 1826 scopi
419 1795 440 1822 ,
484 1771 599 1806 cum
641 1750 737 1806 illa
778 1768 1044 1822 nunquam
1086 1751 1187 1806 sint
1221 1751 1396 1824 potiti.
1442 1750 1608 1822 quue
1651 1768 1755 1804 non
1797 1768 1829 1804 a
1871 1768 1998 1822 qua-

265 1848 388 1901 dam
429 1846 657 1901 hamana
696 1845 1040 1900 reservatione
1085 1846 1335 1919 profluit,
1379 1845 1467 1900 sed
1509 1863 1541 1899 a
1581 1844 1687 1916 legye
1729 1844 1993 1911 naturali,

265 1960 394 2013 qaae
460 1941 590 2013 leqes
647 1940 928 2012 superioris
986 1939 1048 1993 ab
1107 1940 1421 2012 inferiorum
1472 1950 1718 2011 potestate
1788 1939 1993 1996 eximit.

266 2036 399 2092 Vide
441 2034 710 2108 Colloquia
753 2033 989 2089 Doctoris
1033 2033 1453 2105 Ingolstadiensis
1497 2034 1560 2089 de
1603 2034 1752 2089 rebus
1796 2034 1861 2089 ad
1897 2033 1992 2089 Ec—

266 2131 447 2186 clesiae
488 2131 771 2186 doctrinam
814 2141 860 2183 et
904 2128 1230 2204 disciplinam
1274 2128 1636 2204 pertinentibus
1690 2127 1995 2185 Dusseldor-

265 2228 338 2300 pfl
384 2228 558 2280 1789.

346 2318 484 2374 Haec
528 2319 712 2374 veritas
757 2320 1052 2373 auctoritate
1079 2337 1339 2374 sacrorum
1368 2337 1617 2374 canonum
1644 2317 1989 2373 confirmatur.

267 2413 585 2469 Innocentius
628 2411 707 2466 III
747 2432 858 2486 cap.
907 2415 979 2466 20
1026 2413 1087 2466 de
1131 2412 1393 2467 Electione
1429 2412 1690 2467 manifeste
1717 2411 1988 2483 significat,

264 2507 520 2564 nemine-m
554 2523 697 2578 posse
740 2525 772 2560 a
815 2524 1004 2560 canone
1048 2506 1382 2579 dispensare,
1436 2506 1524 2577 qui
1583 2506 1760 2560 saltem
1810 2522 1994 2577 parem

267 2622 380 2657 cum
424 2602 585 2655 latore
628 2602 836 2655 canonis
871 2611 1171 2673 potestatem
1229 2620 1332 2654 non
1391 2601 1589 2657 habeat.
1652 2599 1715 2654 Et
1772 2597 1992 2654 Joannes

263 2695 419 2753 XXII
463 2713 572 2767 cap.
616 2695 755 2751 unic,
800 2695 862 2750 de
904 2694 1131 2765 religios,
1178 2695 1367 2748 domib.
1411 2696 1548 2748 inter
1577 2695 1992 2762 Ecetravaqantes

265 2791 497 2864 ejusdem
542 2789 806 2863 Pontificis
848 2790 1017 2864 palam
1059 2789 1239 2859 edixit,
1268 2789 1530 2861 Episcopz's
1555 2806 1659 2841 non
1686 2786 1839 2842 licere
1865 2786 1992 2858 qaid

265 2886 535 2940 concedere
577 2896 755 2940 contra
795 2885 1017 2956 formam
1061 2883 1278 2938 Concilii
1322 2881 1593 2955 qeneraliS.
