2114 3289
202 97 246 175 §-
268 123 352 158 xL.
373 122 433 158 DE
455 119 747 157 ADJUTORIB.
770 119 812 155 5.
838 120 989 156 ΡΟΝΤ.
1012 120 1055 156 5.
1079 121 1126 155 R.
1152 120 1197 155 E.
1220 118 1583 155 cAnnluAmssUs
1641 103 1748 154 155

204 223 498 280 Cardinales
542 221 606 276 ab
649 241 753 277 uuo
796 220 1044 277 Pontifice
1088 233 1346 292 creantur3
1407 219 1704 295 Imperatori
1748 241 1835 276 au-

128 330 244 387 tem,
287 330 334 372 et
377 316 629 389 aliquibus
672 314 897 386 Regibus
941 315 1261 389 privilegium
1323 334 1613 371 concessum
1656 327 1728 371 est
1771 315 1834 369 ad

125 430 234 466 eam
278 410 644 484 amplissimam
687 410 982 481 dignitatem
1026 428 1177 463 unum
1206 408 1280 464 vel
1307 409 1473 482 plures
1516 408 1829 465 nominandi.

124 503 276 559 Dotes
327 516 491 558 autem
550 522 749 573 eorum,
810 502 992 575 quibus
1052 514 1153 557 tam
1211 504 1423 574 insignis
1483 504 1834 577 praerogativa

122 597 422 653 conferenda
489 610 588 667 est,
649 597 949 653 Tridentina
1011 595 1247 667 Synodus
1308 609 1528 653 recenset
1585 617 1707 654 sess,
1763 599 1833 651 25

126 710 235 766 cap.
284 693 308 745 1
358 691 419 746 de
464 691 665 748 reform.

894 779 939 857 §-
985 788 1078 842 41.

362 922 436 968 DE
474 921 702 967 OFFICIO
740 921 812 966 ET
847 920 1161 967 DIGNITATE
1198 921 1595 967 CARDINALIUM

204 1067 317 1125 Duo
362 1081 526 1125 autem
569 1081 683 1125 sunt
723 1069 1003 1141 insigniora
1047 1068 1399 1127 Cardinalium
1442 1088 1670 1136 munera,
1716 1089 1840 1143 quo-

126 1184 236 1219 rum
279 1167 442 1239 primo
486 1163 616 1220 Sede
665 1165 831 1238 plena,
875 1166 1031 1222 altero
1091 1164 1224 1220 Sede
1284 1177 1488 1220 vacante
1548 1163 1838 1235 funguntur.

127 1257 257 1315 Sede
300 1261 445 1333 plena
488 1258 727 1315 Senatum
771 1258 968 1315 Summi
1010 1258 1275 1316 Pontificis
1329 1261 1652 1328 constituunt,
1696 1259 1839 1330 eique

126 1354 178 1408 in
221 1354 655 1409 administratione
696 1355 850 1409 totius
894 1353 1150 1409 Ecclesiae
1210 1353 1412 1409 assidue
1473 1365 1670 1426 praesto
1731 1365 1845 1408 sunt

127 1448 338 1503 consilio
382 1459 529 1520 atque
571 1467 741 1522 opera.
770 1446 913 1504 Sicut
954 1448 1087 1502 enim
1131 1448 1405 1520 antiquitus
1451 1444 1672 1503 Romani
1708 1444 1844 1502 Pon-

129 1541 286 1596 tifices
349 1542 478 1596 nihil
536 1560 710 1612 grave,
754 1543 853 1597 nisi
913 1542 1044 1598 facto
1105 1539 1450 1611 presbyterio,
1495 1541 1547 1596 id
1591 1552 1683 1611 est,
1727 1561 1845 1598 con-

130 1648 304 1692 vocato
349 1634 517 1706 Clero‚
560 1635 912 1706 decernebant,
955 1638 1025 1692 ita
1086 1635 1236 1691 modo
1296 1638 1546 1706 gravioris
1607 1637 1845 1692 momenti

131 1731 351 1801 negotia,
400 1730 571 1786 audito
632 1728 984 1785 Cardinalium
1044 1732 1275 1800 consilio,
1333 1741 1639 1804 pertractant
1699 1743 1846 1804 atque

131 1825 413 1882 absolvunt.
458 1824 591 1881 Hinc
633 1824 934 1881 Tridentina
977 1824 1213 1895 Synodus
1257 1845 1380 1881 sess,
1421 1828 1490 1880 26
1536 1825 1598 1880 de
1639 1826 1843 1882 reform.

129 1939 238 1994 cap.
288 1921 347 1975 1:
394 1920 779 1987 Cardinaliumj
807 1921 988 1994 iuquit,
1023 1920 1234 1974 consilio
1276 1920 1417 1992 apud
1459 1920 1848 1976 Sanctissimum

131 2016 423 2068 Romanam
468 2015 768 2088 Pontificem
809 2015 1114 2069 universalis
1158 2014 1412 2069 Ecclesiae
1463 2015 1849 2069 administratio

131 2108 334 2165 aititur.
380 2108 464 2165 Ob
516 2109 568 2164 id
628 2111 848 2165 muneris
910 2107 1209 2165 Cardinales
1253 2129 1281 2164 a
1343 2108 1397 2166 S.
1443 2107 1706 2165 Bernardo
1765 2130 1851 2165 vo-

132 2215 308 2258 cantur
368 2203 716 2271 CollateraleS‚
768 2204 1089 2270 Consiliarii‚
1133 2216 1180 2259 et
1223 2204 1562 2278 Coadjutores
1622 2204 1849 2258 Romani

131 2297 416 2371 Pontifici&
477 2297 637 2369 Igitur
700 2319 797 2355 non
860 2301 1004 2354 unius
1064 2298 1321 2355 Dioecesis
1384 2311 1468 2354 aut
1528 2301 1848 2374 provinciae,

132 2393 556 2465 quemadmodum
610 2392 848 2469 Episcopi
910 2413 996 2450 seu
1037 2389 1442 2469 Archiepiscopi,
1487 2394 1573 2449 sed
1626 2395 1850 2449 omnium

133 2489 397 2544 christiani
440 2489 577 2544 orbis
620 2488 963 2544 Ecclesiarum
1024 2508 1137 2543 cum
1198 2488 1432 2545 Romano
1476 2486 1723 2544 Pontifice
1765 2507 1850 2543 cu-

135 2602 243 2637 ram
286 2595 482 2654 gerunt,
543 2595 589 2638 et
630 2582 980 2653 Patriarchas9
1041 2581 1484 2658 Archiepiscopos9
1529 2602 1585 2637 ac
1630 2583 1849 2655 reliquos

137 2675 394 2734 Ecclesiae
433 2678 623 2750 gradus
667 2697 778 2733 cum
839 2677 1084 2734 Pontifice
1146 2679 1256 2753 ipso
1309 2678 1554 2749 judicant,
1598 2696 1709 2731 cum
1753 2678 1850 2750 ipsi

138 2792 165 2826 a
210 2772 316 2827 solo
358 2773 602 2830 Pontifice
642 2775 947 2845 judicentur,
991 2787 1042 2830 ut
1100 2775 1315 2830 habetur
1366 2792 1428 2829 ex
1470 2770 1644 2828 Const.
1691 2771 1852 2844 Euge-

138 2867 210 2922 nii
254 2864 326 2921 IV
368 2887 449 2925 an.
498 2871 648 2926 1438
692 2869 847 2940 edita,
891 2889 1017 2943 quae
1060 2869 1237 2942 incipit
1280 2870 1395 2925 Non
1439 2867 1705 2923 mediocri.
