2114 3289
341 129 409 177 70
459 145 550 181 LlB.
574 144 625 179 11.
649 144 694 179 C.
726 143 758 177 1.
791 141 850 176 DE
878 141 926 174 R.
952 139 1218 176 PONTIFICE
1247 141 1418 183 EJUSQ.
1442 140 1779 178 ADJUTORIBUS

253 246 355 303 Sed
407 249 647 322 quoniam
691 244 755 299 ad
800 241 1102 299 Canonistas
1146 262 1344 318 quoque
1387 247 1635 319 pertinet,
1679 245 1980 306 ecclesiasti-

255 360 430 397 carum
492 337 938 396 Constitutionum'
981 338 1086 393 vim
1145 349 1539 413 potestatemque
1580 351 1895 414 perspectam
1937 352 1985 395 et

256 437 570 510 exploratam
613 432 821 502 habere,
849 433 921 488 sic
966 451 1120 489 unum
1163 432 1341 489 saltem
1385 447 1754 506 argumentum,
1779 447 1825 490 et
1853 434 1980 491 illud

257 529 460 602 quidem
504 528 731 602 planum,
775 526 862 582 sed
908 528 1113 584 omnino
1157 526 1336 583 efficax
1377 538 1424 582 et
1465 528 1708 584 invictum
1750 547 1983 604 promen-

258 622 379 677 dum
422 633 514 691 est,
557 639 621 676 ex
662 639 761 695 quo
805 619 953 677 facile
995 621 1328 693 intelligatur,
1356 616 1622 678 Pontificis
1665 622 1983 678 definitiones

256 736 284 771 a
329 717 534 770 veritate
577 714 791 770 deficere
832 733 1091 790 nunquam
1134 734 1300 790 posse,
1327 727 1380 770 ut
1422 714 1634 789 proinde
1676 734 1875 772 necesse
1918 718 1984 772 sit

254 808 444 864 eisdem
487 821 747 883 tamquam
777 810 1042 866 catholicis
1073 808 1388 879 veritatibus,
1414 821 1461 864 et
1487 821 1692 867 externo
1719 809 1982 884 obsequiO,

257 915 304 958 et
346 904 542 959 interno
586 902 755 960 cordis
799 923 1009 965 assensu
1051 904 1264 959 firmiter
1307 903 1601 959 adhaerere.
1776 907 1781 913 ’

338 995 704 1069 Argumentum
749 1011 916 1054 autem
959 1018 1022 1054 ex
1065 998 1162 1054 fine
1205 997 1464 1055 Primatus
1497 999 1593 1054 hac
1637 1000 1829 1055 ratione
1870 1018 1988 1055 con-

260 1091 444 1149 ficitur.
468 1091 722 1149 Catholici
751 1112 923 1149 omnes
950 1093 1268 1163 confitentur,
1304 1090 1610 1164 Primatum,
1644 1112 1792 1167 quem
1833 1092 1986 1148 Petro

258 1198 305 1241 et
349 1185 739 1244 Successoribus
801 1185 1036 1244 Christus
1080 1188 1309 1257 contulit,
1355 1186 1419 1243 ad
1464 1188 1704 1243 unitatem
1767 1189 1987 1243 maxime

260 1280 380 1336 fidei
422 1282 473 1336 in
500 1280 726 1337 Ecclesia
756 1281 1159 1338 confirmandam
1197 1283 1481 1337 institutum
1510 1301 1637 1352 esse,
1663 1282 1988 1355 ejusdemque

261 1371 522 1430 Primatus
567 1377 914 1432 auctoritatem
941 1394 1040 1431 non
1068 1376 1225 1431 solius
1255 1376 1566 1446 vigilantiae,
1594 1375 1985 1445 adhortationiS,

261 1479 309 1523 et
351 1467 675 1540 directioniS,
719 1469 807 1526 sed
852 1489 996 1526 verae
1038 1482 1085 1525 et
1127 1470 1362 1544 propriae
1406 1468 1776 1541 jurisdictionis
1820 1481 1991 1525 aucto-

258 1563 407 1617 ritate
468 1563 751 1633 contineri,
812 1576 859 1619 et
907 1583 1018 1619 eam
1078 1563 1293 1636 denique
1344 1562 1753 1633 jurisdictionem
1797 1575 1988 1618 tantam

261 1675 406 1725 esse,
450 1669 637 1729 quanta
683 1657 747 1712 ad
792 1658 1095 1714 christianos
1145 1659 1197 1713 in
1249 1656 1348 1712 fide
1399 1668 1447 1711 et
1505 1655 1773 1727 Religione
1833 1658 1992 1712 conti-

261 1749 453 1805 nendos
497 1753 781 1807 necessaria
824 1764 915 1808 est.
960 1749 1080 1807 Non
1123 1753 1257 1806 enim
1300 1750 1425 1820 dici,
1468 1769 1525 1806 ac
1569 1769 1629 1805 ne
1671 1752 1838 1825 putari
1881 1751 1992 1824 qui-

263 1842 378 1898 dem
421 1856 602 1917 potest,
640 1842 902 1901 Christum
945 1846 1145 1902 dedisse
1187 1842 1428 1901 Pontifici
1472 1863 1651 1900 munus
1695 1863 1995 1900 conservan-

264 1937 360 1993 dae
403 1939 633 2008 unitatiS,
667 1951 714 1994 et
756 1959 855 1996 non
897 1940 1099 1996 dedisse
1140 1951 1436 2014 potestatem
1480 1958 1537 1995 ac
1582 1940 1704 2008 vim,
1733 1941 1840 1995 sine
1882 1940 1995 2012 qui-

266 2031 359 2087 bus
403 2031 578 2087 eadem
622 2035 786 2090 unitas
831 2036 1123 2090 conservari
1166 2045 1396 2107 nequeat.
1459 2031 1560 2089 Sed
1604 2031 1842 2089 Pontifex
1884 2035 1993 2089 uni-

268 2137 420 2181 tatem
466 2125 584 2181 fidei
627 2128 880 2184 custodire
924 2147 1024 2184 non
1067 2140 1248 2202 potest,
1276 2129 1375 2183 nisi
1419 2127 1646 2198 ejusdem
1675 2127 1993 2183 definitiones

268 2231 456 2274 certam
515 2232 561 2275 et
622 2220 1048 2278 irreformabilem
1100 2221 1337 2277 credendi
1382 2222 1608 2293 regulam
1652 2223 1993 2290 constituant,

265 2317 346 2371 cui
389 2335 561 2372 omnes
606 2318 809 2372 subesse
852 2330 1128 2375 teneantur.
1194 2316 1251 2374 Si
1295 2320 1428 2374 enim
1471 2319 1731 2374 subortam
1781 2317 1842 2372 de
1894 2317 1993 2372 fide

267 2421 313 2464 et
338 2407 605 2480 Religione
646 2413 1040 2467 controversiam
1083 2411 1323 2467 Pontifex
1365 2431 1434 2466 eoe
1476 2411 1721 2466 cathedra
1764 2410 1991 2480 definiat,

268 2514 314 2558 et
357 2503 688 2560 nihilominus
730 2507 981 2576 integrum
1026 2505 1260 2571 fidelibus
1303 2508 1369 2561 sit
1410 2508 1643 2562 assentiri
1689 2505 1763 2561 vel
1797 2504 1991 2559 dissen-

268 2599 401 2666 tire,
445 2599 563 2670 quia
607 2596 846 2654 Pontifex
887 2599 998 2654 falli
1041 2601 1238 2672 potuit,
1282 2600 1447 2655 unitas
1492 2600 1609 2655 fidei
1662 2600 1799 2654 nulla
1860 2600 1990 2668 erit,

269 2691 356 2746 sed
410 2703 675 2764 perpetuae
719 2692 1092 2761 dissensiones,
1136 2704 1305 2765 totque
1346 2705 1394 2748 et
1434 2705 1537 2748 tam
1579 2692 1894 2748 dissonantes
1939 2696 1991 2748 in

272 2785 370 2838 fide
429 2796 475 2838 et
535 2783 800 2857 Religione
860 2788 1171 2855 sententiae,
1225 2799 1346 2859 quot
1388 2788 1438 2841 in
1482 2786 1707 2843 Ecclesia
1752 2799 1797 2841 et
1841 2806 1991 2859 quam

273 2876 472 2932 diversa
516 2892 628 2934 sunt
672 2883 853 2955 capita.
