2114 3289
443 120 489 196 S.
522 142 728 180 xxxvu.
764 141 823 177 or:
853 142 1100 179 conflans
1132 140 1559 179 PARTmULAmBus
1705 129 1773 178 87

143 249 361 304 nationis
404 245 707 321 EpiscopiS‚
751 244 1082 302 celebrantur.
1127 244 1265 302 Haec
1309 246 1612 319 quandoque
1654 246 1861 300 'conicer-

144 343 278 397 salia
319 361 405 397 seu
439 340 686 413 plenaria
727 339 862 394 dicta
905 351 1053 409 sunt,
1106 359 1205 395 non
1266 340 1562 414 simpliciter
1618 339 1859 412 quidem,

146 436 233 492 sed
277 446 562 510 comparate
606 434 670 489 ad
712 434 837 489 illud
882 453 1088 504 regnum
1135 436 1211 491 vel
1254 437 1527 504 nationem,
1557 434 1642 489 ubi
1687 434 1861 489 habita

145 529 360 586 fuerunt.
416 527 502 585 Sic
546 526 789 584 Africana
833 527 1071 599 Synodus
1117 540 1292 584 vocata
1335 540 1408 584 est
1443 527 1690 600 plenaria
1731 548 1760 583 a
1803 525 1858 583 S.

142 621 445 694 Augustino,
472 642 570 678 non
615 623 911 696 simpliciter
953 622 1178 695 quidem,
1222 621 1309 678 sed
1353 634 1639 698 comparate
1681 622 1746 677 ad
1790 634 1862 678 to-

142 730 246 773 tam
289 717 535 774 Africam.

222 810 443 868 Romani
485 813 638 867 etiam
681 810 954 868 Pontifices
998 809 1348 887 Metropolitas
1387 824 1433 868 et
1458 811 1737 886 Episcopos
1763 810 1863 866 Ita-

141 906 239 962 liae
274 907 339 961 ad
383 905 617 977 Synodos
661 926 937 963 convocare
980 919 1377 962 consueverunt:
1424 919 1652 980 recteque
1694 906 1865 963 obser-

143 1011 228 1056 vat
287 999 626 1056 Bellarminus
689 1001 780 1056 lib.
827 1000 889 1056 de
932 999 1143 1056 Clericis
1188 1021 1298 1075 cap.
1348 1003 1456 1071 16,
1499 1002 1636 1072 quod
1670 1000 1861 1072 primis

142 1097 395 1151 sexcentis
420 1097 495 1150 vel
529 1096 829 1167 octinqentis
873 1096 1024 1151 annis
1068 1098 1271 1153 Summi
1314 1097 1586 1170 Pontifices
1629 1098 1700 1151 ad
1741 1114 1861 1167 qra-

141 1192 290 1248 viora
348 1193 554 1265 neqotia
609 1193 964 1266 dijudicanda
1011 1195 1251 1265 coyebant
1295 1193 1529 1248 Concilia
1570 1193 1864 1246 nationalia

141 1287 518 1361 Episcoporum
547 1278 769 1342 Italiae.

221 1379 449 1437 Concilia
510 1381 843 1455 provincialia
906 1401 962 1436 ea
1025 1392 1174 1450 sunt9
1235 1381 1298 1435 ad
1359 1400 1486 1454 quae
1538 1379 1862 1454 Metropolita

143 1494 315 1529 omues
365 1494 482 1530 suae
534 1476 826 1548 provinciae
870 1475 1237 1531 ecclesiasticae
1280 1474 1557 1549 Episcopos
1601 1486 1859 1530 convocat.

143 1566 369 1624 Nicaena
414 1568 651 1639 Synodus
696 1588 806 1625 can.
842 1571 1067 1640 4jussit‚
1112 1568 1341 1626 Concilia
1384 1569 1717 1643 provincialia
1761 1570 1863 1624 sin-

139 1663 272 1733 gulis
333 1665 515 1732 annis,
559 1675 605 1718 et
648 1662 949 1719 Tridentina
997 1662 1232 1735 Synodus
1277 1676 1401 1720 sess,⁴
1449 1666 1519 1716 24
1564 1683 1674 1737 cap.
1726 1666 1758 1716 2
1802 1660 1864 1717 de

143 1756 347 1814 reform.
393 1759 569 1813 saltem
614 1760 759 1813 tertio
803 1778 1000 1831 quoque
1044 1778 1174 1813 anno
1218 1757 1480 1814 celebrari.

219 1850 277 1906 In
338 1850 581 1908 Conciliis
643 1853 1041 1927 provincialibus
1103 1864 1149 1907 et
1209 1851 1548 1907 nationalibus
1601 1853 1860 1922 graviores

142 1966 321 2001 causae
381 1947 443 2001 de
504 1947 601 2001 fide
650 1958 697 2001 et
748 1946 1018 2020 disciplina
1062 1947 1403 2002 ecclesiastica
1446 1945 1703 2019 quondam
1746 1964 1861 2015 age-

139 2041 338 2097 bantur.
385 2041 442 2097 Si
485 2060 641 2096 caasa
680 2042 804 2114 fidei
848 2052 953 2108 est2
999 2042 1232 2114 inquiunt
1275 2039 1454 2095 Patres
1498 2038 1716 2095 Concilii
1759 2039 1861 2095 To-

138 2135 291 2191 letani
334 2135 406 2191 IV
450 2157 560 2193 can.
610 2142 680 2206 3,
725 2148 816 2191 ant
865 2138 1012 2203 aliaj
1076 2136 1333 2191 Ecclesiae
1392 2136 1644 2207 qeneralis
1707 2137 1860 2190 lolius

142 2230 434 2303 Hispaniae
475 2242 519 2283 et
561 2231 767 2286 Galliae
809 2233 1050 2302 Synodus
1093 2242 1410 2286 convocetur.
1456 2230 1644 2285 Verum
1688 2249 1859 2285 omnes

136 2327 353 2396 majores
414 2344 592 2379 causae
643 2324 866 2380 Summis
917 2324 1253 2380 Pontificibus
1299 2337 1580 2379 reservatae
1623 2324 1859 2391 fuerunt3

133 2438 231 2491 qua
276 2420 336 2475 de
379 2439 431 2474 re
481 2421 532 2474 in
584 2418 703 2474 Jure
753 2420 955 2493 publico
1017 2420 1358 2475 ecclesiastico
1420 2419 1604 2474 dicturi
1665 2436 1855 2473 sumus.

133 2513 281 2570 Nunc
334 2517 502 2588 itaque
545 2516 821 2570 nationalia
865 2527 911 2569 et
953 2516 1287 2590 provincialia
1333 2514 1562 2571 Concilia
1608 2533 1705 2568 non
1753 2532 1858 2567 am-

136 2609 265 2682 plius
310 2611 370 2664 inv
406 2609 771 2684 pertractandis
818 2610 934 2665 fidei
978 2623 1023 2664 et
1067 2629 1283 2678 morum,
1315 2611 1528 2681 aliisque
1573 2608 1856 2678 majoribus

135 2705 298 2758 causis
354 2716 647 2772 versantur,
701 2704 788 2759 sed
833 2706 1181 2760 tantummodo
1226 2707 1276 2760 in
1321 2707 1383 2759 iis
1428 2704 1678 2773 negotiis,
1723 2721 1849 2775 quae

135 2796 199 2849 ad
259 2810 443 2854 rectam
495 2800 710 2854 nationis
758 2799 832 2856 vel
876 2801 1164 2874 provinciae
1207 2799 1695 2854 administrationem
1742 2816 1851 2870 per-

139 2902 309 2947 tinent.
