2114 3289
618 121 663 196 ἓ.
710 144 851 180 xLllt.
903 144 961 178 DE
1010 142 1337 178 PATmAncisss
1642 125 1744 176 171

113 249 337 302 monicae
381 251 463 303 II.
508 246 628 317 Agla
672 246 890 317 (lenique
934 246 995 300 de
1034 247 1271 299 Romano
1313 243 1582 316 EpiscopO,
1611 244 1700 314 qui
1743 243 1835 298 loli

111 342 375 397 occidenti
417 352 684 413 praeerat,
727 351 784 394 ut
826 339 1088 411 colliqitur
1139 357 1206 393 θα)
1250 342 1435 394 Sancto
1487 337 1686 393 Basilio
1730 338 1836 410 epi-

110 437 239 490 stola
284 438 377 505 10,
423 453 490 489 ecc
549 438 734 490 Sancm
796 435 1084 506 Augustino
1125 433 1213 489 lib.
1265 436 1288 487 1
1340 443 1520 487 contra
1560 430 1837 486 Iulianum

111 548 220 602 cap.
270 533 326 597 2,
356 548 423 583 ea:
459 532 643 585 Sancto
671 529 990 601 Hieronymo
1017 528 1075 583 in
1102 527 1313 600 epistola
1338 527 1407 581 acl
1433 529 1674 582 Marcum
1704 536 1749 580 et
1774 526 1835 579 in

112 624 200 681 lib.
228 624 470 678 adversus
520 624 882 695 Viqilcmtimn,
911 633 956 677 et
996 641 1064 676 eoc
1112 621 1416 677 Innocentio
1460 625 1497 675 I
1525 621 1583 674 in
1627 619 1840 693 epistola

111 719 182 773 acl
223 718 528 773 Decentium
570 719 903 790 Eugyubinurn
945 717 1271 790 Episcopum.
1309 715 1452 786 Ayit,
1495 715 1731 786 inquam,
1775 714 1838 768 de

111 815 346 867 Romano
390 813 660 886 Pontifice,
688 812 771 866 cui
815 822 998 884 septem
1040 810 1119 865 vel
1144 821 1252 864 octo
1295 810 1557 863 Dioeceses
1599 807 1840 882 subjicie-

111 908 318 977 bantur,
362 907 613 961 nimirum
640 907 772 960 (luae
799 907 857 960 in
900 905 1083 972 Italia,
1112 905 1334 958 solidum
1361 903 1658 976 Illyricum,
1702 902 1841 973 quod

113 1020 180 1056 eae
221 1020 326 1055 una
368 1001 601 1056 Dioecesi
637 1012 813 1072 postea
853 1000 911 1054 in
954 1001 1083 1053 duas
1127 999 1437 1071 discerptum
1481 1008 1570 1065 est,
1615 996 1839 1066 Galliae,

111 1095 447 1164 Britanniae,
493 1096 803 1168 Hispaniae,
849 1106 895 1150 et
938 1095 1136 1167 Africa.
1201 1098 1385 1164 Itaque
1445 1111 1610 1146 canon
1667 1101 1840 1146 sextus

111 1190 332 1245 Nicaen-z'
376 1190 595 1245 Concilii
636 1190 743 1261 ayz'c
785 1189 847 1244 de
875 1189 1161 1261 EpiscopiS,
1188 1188 1277 1259 qui
1312 1187 1598 1242 Dioecesim
1632 1195 1839 1257 requnt,

112 1285 171 1338 id
214 1295 282 1339 est
325 1284 511 1338 multas
545 1283 865 1357 provincias,
896 1294 942 1338 et
968 1284 1150 1354 quibus
1184 1283 1391 1336 subsunt
1425 1281 1604 1354 plures
1648 1283 1841 1335 Metro-

106 1379 333 1452 politani
356 1401 373 1433 .·
416 1398 475 1434 ac
493 1378 719 1451 proinde
762 1395 864 1430 non
889 1377 996 1449 agit
1022 1377 1083 1432 de
1120 1375 1437 1448 simplicibus
1480 1374 1838 1447 Metropolita-

113 1475 216 1542 πίε,
260 1475 348 1529 sed
390 1475 451 1529 de
493 1472 839 1530 PatriarchiS.

191 1567 363 1625 Altera
406 1569 577 1642 opinio
619 1586 792 1624 eornm
852 1578 945 1637 est,
1007 1568 1095 1640 qni
1138 1578 1358 1635 censent,
1402 1562 1730 1620 patriarchas
1794 1576 1841 1619 et

115 1660 465 1737 Metropolitas
506 1662 617 1732 jure
659 1661 833 1717 divino
876 1661 1149 1717 institutos
1195 1657 1386 1733 Opinio
1431 1660 1635 1714 omnino
1690 1658 1840 1729 fals33

119 1775 236 1811 nam
297 1756 534 1811 catholici
594 1754 837 1811 Doctores
882 1773 1054 1809 omnes
1098 1754 1431 1822 consentiunt,
1491 1752 1741 1823 graduum
1794 1764 1843 1806 et

119 1852 379 1925 potestatis
423 1851 552 1905 inter
593 1848 873 1924 Episcopos
918 1848 1292 1903 distinctionem
1336 1867 1364 1901 a
1408 1845 1613 1902 Christo
1643 1848 1842 1901 institu-

118 1958 219 2001 tam
263 1963 362 2000 non
404 1963 533 2013 esse,
575 1943 800 2017 adeoque
843 1942 1123 2017 Episcopos
1166 1941 1340 1996 divino
1392 1942 1501 2012 jure
1544 1960 1649 1996 esse
1693 1960 1840 2015 pares

118 2041 248 2095 inter
290 2058 341 2094 se
384 2038 561 2094 ordine
603 2049 650 2092 et
692 2048 952 2112 potestate.
998 2038 1192 2089 Ratum
1232 2033 1388 2104 illud,
1432 2036 1502 2090 ait
1545 2033 1847 2090 Thomassi-

119 2153 210 2189 nus
255 2132 315 2188 de
360 2144 454 2189 vet.
500 2145 547 2187 et
587 2152 702 2188 nov.
730 2131 869 2188 Eccl.
916 2131 1118 2204 discipl.
1163 2150 1213 2204 p.
1263 2131 1312 2186 1.
1358 2130 1449 2185 lib.
1495 2149 1606 2203 cap.
1642 2133 1694 2198 7,
1737 2147 1846 2183 cer-

116 2238 321 2298 tumque
348 2237 435 2296 est,
466 2226 591 2300 jure
629 2226 806 2280 divino
840 2225 939 2279 niti
969 2225 1333 2297 Principatum
1376 2224 1746 2297 Episcoporum
1788 2224 1847 2278 in

112 2321 335 2395 privatis
395 2321 740 2388 DioecesibuS,
786 2331 892 2374 tum
936 2322 1112 2391 Papae
1156 2336 1307 2391 snper
1348 2318 1622 2391 Episcopos
1674 2336 1845 2373 omnes

122 2417 274 2472 orbis:
320 2434 434 2469 cuin
485 2415 1027 2488 llIetropolz'tanoruin,
1072 2413 1460 2479 Eoearchorum,
1510 2412 1849 2467 Patriarclza-

120 2529 334 2582 rumque
379 2510 656 2564 auctoritas
718 2509 1053 2564 ecclesiastica
1095 2509 1158 2563 ab
1216 2508 1537 2563 institutione
1593 2506 1849 2577 oriqinem

123 2604 293 2661 ducat.
339 2604 512 2673 Quare
572 2604 822 2678 Dupinius
874 2605 935 2660 de
986 2605 1144 2676 antiq.
1190 2601 1327 2659 Eccl.
1372 2602 1574 2675 discipl.
1637 2601 1761 2657 diss,
1811 2603 1836 2654 1

122 2691 167 2768 §-
213 2703 264 2754 6:
317 2699 771 2771 Metropoliticain,
831 2700 1014 2772 inquit,
1074 2707 1163 2752 aut
1205 2695 1613 2769 patriarch-icam
1675 2695 1848 2766 diqni-

126 2801 277 2846 tatem
303 2812 335 2847 a
363 2794 559 2849 Christo
601 2794 888 2848 institutam.
931 2793 1108 2866 fuisse,
1135 2809 1334 2846 nicrum
1376 2800 1714 2844 commentum
1757 2799 1848 2858 est,

126 2889 262 2959 quod
304 2906 364 2944 ne
407 2890 879 2946 verisimilitudinis
920 2889 1097 2945 uidem
1139 2889 1374 2944 ⁴umbram
1418 2887 1579 2942 habet.
