<?xml version="1.0" encoding="UTF-8"?>
<!DOCTYPE html PUBLIC "-//W3C//DTD XHTML 1.0 Transitional//EN"
    "http://www.w3.org/TR/xhtml1/DTD/xhtml1-transitional.dtd">
<html xmlns="http://www.w3.org/1999/xhtml" xml:lang="en" lang="en">
 <head>
  <title>
</title>
<meta http-equiv="Content-Type" content="text/html;charset=utf-8" />
  <meta name='ocr-system' content='tesseract 3.04.00' />
  <meta name='ocr-capabilities' content='ocr_page ocr_carea ocr_par ocr_line ocrx_word'/>
</head>
<body>
  <div class='ocr_page' id='page_1' title='image "./joanniscardinali00sogl_0098.png"; bbox 0 0 2114 3289; ppageno 0'>
   <div class='ocr_carea' id='block_1_1' title="bbox 357 153 1683 215">
    <p class='ocr_par' dir='ltr' id='par_1_1' title="bbox 357 153 1683 215">
     <span class='ocr_line' id='line_1_1' title="bbox 357 153 1683 215; baseline 0.009 -12"><span class='ocrx_word' id='word_1_1' title='bbox 357 153 427 203; x_wconf 83' lang='lat'><em>80</em></span> <span class='ocrx_word' id='word_1_2' title='bbox 599 170 714 208; x_wconf 76' lang='lat' dir='ltr'><em>cAP.</em></span> <span class='ocrx_word' id='word_1_3' title='bbox 758 172 808 208; x_wconf 89' lang='lat'><em>11.</em></span> <span class='ocrx_word' id='word_1_4' title='bbox 829 158 920 206; x_wconf 68' lang='lat' dir='ltr'><em>⁴*nn</em></span> <span class='ocrx_word' id='word_1_5' title='bbox 967 171 1218 215; x_wconf 72' lang='lat' dir='ltr'><em>FoNnssUs</em></span> <span class='ocrx_word' id='word_1_6' title='bbox 1259 174 1397 212; x_wconf 75' lang='lat' dir='ltr'><em>smus</em></span> <span class='ocrx_word' id='word_1_7' title='bbox 1440 175 1683 215; x_wconf 77' lang='lat' dir='ltr'><strong>GANONIGI</strong></span> 
     </span>
    </p>
   </div>
   <div class='ocr_carea' id='block_1_2' title="bbox 258 272 2073 1056">
    <p class='ocr_par' dir='ltr' id='par_1_2' title="bbox 258 272 2073 1056">
     <span class='ocr_line' id='line_1_2' title="bbox 267 272 2013 344; baseline 0.006 -25"><span class='ocrx_word' id='word_1_8' title='bbox 267 272 634 336; x_wconf 81' lang='lat' dir='ltr'><em>renunciasset)</em></span> <span class='ocrx_word' id='word_1_9' title='bbox 673 276 946 335; x_wconf 73' lang='lat' dir='ltr'><em>conyreyari</em></span> <span class='ocrx_word' id='word_1_10' title='bbox 981 277 1240 324; x_wconf 80' lang='lat' dir='ltr'><em>Concilium</em></span> <span class='ocrx_word' id='word_1_11' title='bbox 1274 279 1619 340; x_wconf 83' lang='lat' dir='ltr'><em>imperfectum,</em></span> <span class='ocrx_word' id='word_1_12' title='bbox 1659 279 1779 342; x_wconf 82' lang='lat' dir='ltr'><em>quod</em></span> <span class='ocrx_word' id='word_1_13' title='bbox 1821 279 2013 344; x_wconf 79' lang='lat' dir='ltr'><em>sufficiet</em></span> 
     </span>
     <span class='ocr_line' id='line_1_3' title="bbox 265 353 2073 419; baseline 0.005 -19"><span class='ocrx_word' id='word_1_14' title='bbox 265 353 330 400; x_wconf 83' lang='lat' dir='ltr'><em>ad</em></span> <span class='ocrx_word' id='word_1_15' title='bbox 362 355 700 416; x_wconf 81' lang='lat' dir='ltr'><em>providendum</em></span> <span class='ocrx_word' id='word_1_16' title='bbox 740 356 972 402; x_wconf 76' lang='lat' dir='ltr'><em>Ecclesiae</em></span> <span class='ocrx_word' id='word_1_17' title='bbox 1007 356 1060 403; x_wconf 84' lang='lat' dir='ltr'><em>de</em></span> <span class='ocrx_word' id='word_1_18' title='bbox 1098 359 1274 419; x_wconf 90' lang='lat' dir='ltr'><em>Capite.</em></span> <span class='ocrx_word' id='word_1_19' title='bbox 1313 358 1522 405; x_wconf 79' lang='lat' dir='ltr'><em>Ecclesia</em></span> <span class='ocrx_word' id='word_1_20' title='bbox 1557 360 1681 407; x_wconf 82' lang='lat' dir='ltr'><em>enim</em></span> <span class='ocrx_word' id='word_1_21' title='bbox 1730 361 1831 408; x_wconf 86' lang='lat' dir='ltr'><em>sine</em></span> <span class='ocrx_word' id='word_1_22' title='bbox 1873 360 2013 408; x_wconf 82' lang='lat' dir='ltr'><em>dubio</em></span> <span class='ocrx_word' id='word_1_23' title='bbox 2071 416 2073 419; x_wconf 10' lang='grc' dir='ltr'><em>Α</em></span> 
     </span>
     <span class='ocr_line' id='line_1_4' title="bbox 267 435 2017 503; baseline 0.005 -22"><span class='ocrx_word' id='word_1_24' title='bbox 267 435 401 483; x_wconf 80' lang='lat' dir='ltr'><em>habet</em></span> <span class='ocrx_word' id='word_1_25' title='bbox 437 438 766 483; x_wconf 78' lang='lat' dir='ltr'><em>auctoritatem</em></span> <span class='ocrx_word' id='word_1_26' title='bbox 800 436 1081 497; x_wconf 74' lang='lat' dir='ltr'><em>procidendi</em></span> <span class='ocrx_word' id='word_1_27' title='bbox 1118 439 1209 485; x_wconf 87' lang='lat' dir='ltr'><em>sibi</em></span> <span class='ocrx_word' id='word_1_28' title='bbox 1244 438 1297 485; x_wconf 83' lang='lat' dir='ltr'><em>de</em></span> <span class='ocrx_word' id='word_1_29' title='bbox 1333 441 1512 500; x_wconf 79' lang='lat' dir='ltr'><em>Capite,</em></span> <span class='ocrx_word' id='word_1_30' title='bbox 1536 443 1748 502; x_wconf 81' lang='lat' dir='ltr'><em>quamvis</em></span> <span class='ocrx_word' id='word_1_31' title='bbox 1779 458 1873 488; x_wconf 89' lang='lat' dir='ltr'><em>non</em></span> <span class='ocrx_word' id='word_1_32' title='bbox 1903 457 2017 503; x_wconf 86' lang='lat' dir='ltr'><em>pos-</em></span> 
     </span>
     <span class='ocr_line' id='line_1_5' title="bbox 267 517 2008 585; baseline 0.003 -22"><span class='ocrx_word' id='word_1_33' title='bbox 267 517 331 563; x_wconf 87' lang='lat' dir='ltr'><em>sit</em></span> <span class='ocrx_word' id='word_1_34' title='bbox 365 518 464 563; x_wconf 83' lang='lat' dir='ltr'><em>sine</em></span> <span class='ocrx_word' id='word_1_35' title='bbox 501 518 658 578; x_wconf 80' lang='lat' dir='ltr'><em>Capite</em></span> <span class='ocrx_word' id='word_1_36' title='bbox 691 525 896 565; x_wconf 78' lang='lat' dir='ltr'><em>statuere</em></span> <span class='ocrx_word' id='word_1_37' title='bbox 931 517 984 565; x_wconf 81' lang='lat' dir='ltr'><em>de</em></span> <span class='ocrx_word' id='word_1_38' title='bbox 1021 519 1204 577; x_wconf 69' lang='lat' dir='ltr'><em>multis,</em></span> <span class='ocrx_word' id='word_1_39' title='bbox 1229 519 1282 566; x_wconf 81' lang='lat' dir='ltr'><em>de</em></span> <span class='ocrx_word' id='word_1_40' title='bbox 1318 521 1485 582; x_wconf 83' lang='lat' dir='ltr'><em>quibus</em></span> <span class='ocrx_word' id='word_1_41' title='bbox 1515 529 1667 582; x_wconf 83' lang='lat' dir='ltr'><em>potest</em></span> <span class='ocrx_word' id='word_1_42' title='bbox 1702 537 1805 569; x_wconf 81' lang='lat' dir='ltr'><em>cum</em></span> <span class='ocrx_word' id='word_1_43' title='bbox 1828 524 2008 585; x_wconf 81' lang='lat' dir='ltr'><em>Capite,</em></span> 
     </span>
     <span class='ocr_line' id='line_1_6' title="bbox 267 597 2007 666; baseline 0.003 -23"><span class='ocrx_word' id='word_1_44' title='bbox 267 605 319 643; x_wconf 85' lang='lat' dir='ltr'><em>ut</em></span> <span class='ocrx_word' id='word_1_45' title='bbox 354 606 472 644; x_wconf 79' lang='lat' dir='ltr'><em>recte</em></span> <span class='ocrx_word' id='word_1_46' title='bbox 520 597 649 644; x_wconf 80' lang='lat' dir='ltr'><em>docet</em></span> <span class='ocrx_word' id='word_1_47' title='bbox 697 600 951 660; x_wconf 84' lang='lat' dir='ltr'><em>Cajetanus</em></span> <span class='ocrx_word' id='word_1_48' title='bbox 987 600 1041 646; x_wconf 90' lang='lat' dir='ltr'><em>in</em></span> <span class='ocrx_word' id='word_1_49' title='bbox 1076 600 1295 662; x_wconf 86' lang='lat' dir='ltr'><em>opusculo</em></span> <span class='ocrx_word' id='word_1_50' title='bbox 1344 600 1397 648; x_wconf 87' lang='lat' dir='ltr'><em>de</em></span> <span class='ocrx_word' id='word_1_51' title='bbox 1444 609 1670 663; x_wconf 82' lang='lat' dir='ltr'><em>potestate</em></span> <span class='ocrx_word' id='word_1_52' title='bbox 1715 606 1870 665; x_wconf 89' lang='lat' dir='ltr'><em>Papae</em></span> <span class='ocrx_word' id='word_1_53' title='bbox 1906 619 2007 666; x_wconf 82' lang='lat' dir='ltr'><em>cap.</em></span> 
     </span>
     <span class='ocr_line' id='line_1_7' title="bbox 267 679 2010 747; baseline 0.005 -23"><span class='ocrx_word' id='word_1_54' title='bbox 267 679 325 725; x_wconf 88' lang='lat'><em>15</em></span> <span class='ocrx_word' id='word_1_55' title='bbox 364 686 407 725; x_wconf 91' lang='lat' dir='ltr'><em>et</em></span> <span class='ocrx_word' id='word_1_56' title='bbox 448 681 525 734; x_wconf 78' lang='lat'><em>163</em></span> <span class='ocrx_word' id='word_1_57' title='bbox 565 686 608 725; x_wconf 90' lang='lat' dir='ltr'><em>et</em></span> <span class='ocrx_word' id='word_1_58' title='bbox 645 680 790 726; x_wconf 83' lang='lat' dir='ltr'><em>multo</em></span> <span class='ocrx_word' id='word_1_59' title='bbox 827 688 935 728; x_wconf 85' lang='lat' dir='ltr'><em>ante</em></span> <span class='ocrx_word' id='word_1_60' title='bbox 972 681 1243 743; x_wconf 78' lang='lat' dir='ltr'><em>Presbyteri</em></span> <span class='ocrx_word' id='word_1_61' title='bbox 1278 685 1515 729; x_wconf 77' lang='lat' dir='ltr'><em>Romanae</em></span> <span class='ocrx_word' id='word_1_62' title='bbox 1551 683 1784 731; x_wconf 87' lang='lat' dir='ltr'><em>Ecclesiae</em></span> <span class='ocrx_word' id='word_1_63' title='bbox 1819 685 1873 731; x_wconf 86' lang='lat' dir='ltr'><em>in</em></span> <span class='ocrx_word' id='word_1_64' title='bbox 1908 685 2010 747; x_wconf 87' lang='lat' dir='ltr'><em>epi-</em></span> 
     </span>
     <span class='ocr_line' id='line_1_8' title="bbox 263 758 2011 828; baseline 0.005 -23"><span class='ocrx_word' id='word_1_65' title='bbox 263 759 382 805; x_wconf 86' lang='lat' dir='ltr'><em>stola</em></span> <span class='ocrx_word' id='word_1_66' title='bbox 417 758 478 805; x_wconf 81' lang='lat' dir='ltr'><em>acl</em></span> <span class='ocrx_word' id='word_1_67' title='bbox 521 762 830 821; x_wconf 70' lang='lat' dir='ltr'><em>Cyprianum,</em></span> <span class='ocrx_word' id='word_1_68' title='bbox 880 777 996 824; x_wconf 83' lang='lat' dir='ltr'><em>quae</em></span> <span class='ocrx_word' id='word_1_69' title='bbox 1034 770 1099 811; x_wconf 86' lang='lat' dir='ltr'><em>est</em></span> <span class='ocrx_word' id='word_1_70' title='bbox 1149 764 1346 824; x_wconf 83' lang='lat' dir='ltr'><em>septima</em></span> <span class='ocrx_word' id='word_1_71' title='bbox 1384 763 1463 810; x_wconf 85' lang='lat' dir='ltr'><em>lib.</em></span> <span class='ocrx_word' id='word_1_72' title='bbox 1505 766 1533 810; x_wconf 88' lang='grc'><strong>2</strong></span> <span class='ocrx_word' id='word_1_73' title='bbox 1571 765 1624 811; x_wconf 83' lang='lat' dir='ltr'><em>in</em></span> <span class='ocrx_word' id='word_1_74' title='bbox 1659 765 1874 826; x_wconf 80' lang='lat' dir='ltr'><em>operibus</em></span> <span class='ocrx_word' id='word_1_75' title='bbox 1920 769 2011 828; x_wconf 77' lang='lat' dir='ltr'><em>Cy-</em></span> 
     </span>
     <span class='ocr_line' id='line_1_9' title="bbox 258 840 2006 908; baseline 0.006 -24"><span class='ocrx_word' id='word_1_76' title='bbox 258 840 444 902; x_wconf 86' lang='lat' dir='ltr'><em>priani.</em></span> <span class='ocrx_word' id='word_1_77' title='bbox 483 843 647 891; x_wconf 71' lang='lat' dir='ltr'><em>Porro,</em></span> <span class='ocrx_word' id='word_1_78' title='bbox 669 843 929 889; x_wconf 86' lang='lat' dir='ltr'><em>Concilium</em></span> <span class='ocrx_word' id='word_1_79' title='bbox 966 843 1096 891; x_wconf 81' lang='lat' dir='ltr'><em>istud</em></span> <span class='ocrx_word' id='word_1_80' title='bbox 1131 844 1456 906; x_wconf 82' lang='lat' dir='ltr'><em>imperfectum</em></span> <span class='ocrx_word' id='word_1_81' title='bbox 1491 846 1597 908; x_wconf 81' lang='lat' dir='ltr'><em>fieri</em></span> <span class='ocrx_word' id='word_1_82' title='bbox 1627 847 1824 908; x_wconf 60' lang='lat' dir='ltr'><em>poterit&gt;</em></span> <span class='ocrx_word' id='word_1_83' title='bbox 1859 847 1902 892; x_wconf 85' lang='lat' dir='ltr'><em>si</em></span> <span class='ocrx_word' id='word_1_84' title='bbox 1935 847 2006 894; x_wconf 76' lang='lat' dir='ltr'><em>vel</em></span> 
     </span>
     <span class='ocr_line' id='line_1_10' title="bbox 262 920 2004 989; baseline 0.005 -24"><span class='ocrx_word' id='word_1_85' title='bbox 262 920 507 968; x_wconf 80' lang='lat' dir='ltr'><em>indicatur</em></span> <span class='ocrx_word' id='word_1_86' title='bbox 540 938 568 968; x_wconf 86' lang='lat' dir='ltr'><em>a</em></span> <span class='ocrx_word' id='word_1_87' title='bbox 604 924 801 984; x_wconf 72' lang='lat' dir='ltr'><em>Colleqio</em></span> <span class='ocrx_word' id='word_1_88' title='bbox 838 924 1188 983; x_wconf 60' lang='lat' dir='ltr'><em>Cardinaliu‘m,</em></span> <span class='ocrx_word' id='word_1_89' title='bbox 1226 926 1297 973; x_wconf 71' lang='lat' dir='ltr'><em>cel</em></span> <span class='ocrx_word' id='word_1_90' title='bbox 1332 926 1427 988; x_wconf 85' lang='lat' dir='ltr'><em>ipsi</em></span> <span class='ocrx_word' id='word_1_91' title='bbox 1467 941 1553 987; x_wconf 84' lang='lat' dir='ltr'><em>per</em></span> <span class='ocrx_word' id='word_1_92' title='bbox 1587 942 1631 973; x_wconf 87' lang='lat' dir='ltr'><em>se</em></span> <span class='ocrx_word' id='word_1_93' title='bbox 1682 927 1903 989; x_wconf 82' lang='lat' dir='ltr'><em>Episcopi</em></span> <span class='ocrx_word' id='word_1_94' title='bbox 1952 928 2004 974; x_wconf 87' lang='lat' dir='ltr'><em>in</em></span> 
     </span>
     <span class='ocr_line' id='line_1_11' title="bbox 263 1002 1819 1056; baseline 0.004 -9"><span class='ocrx_word' id='word_1_95' title='bbox 263 1002 410 1048; x_wconf 82' lang='lat' dir='ltr'><em>locum</em></span> <span class='ocrx_word' id='word_1_96' title='bbox 445 1018 590 1050; x_wconf 84' lang='lat' dir='ltr'><em>unum</em></span> <span class='ocrx_word' id='word_1_97' title='bbox 627 1007 926 1052; x_wconf 72' lang='lat' dir='ltr'><em>conveniant.</em></span> <span class='ocrx_word' id='word_1_98' title='bbox 965 1008 1089 1053; x_wconf 87' lang='lat' dir='ltr'><em>Idem</em></span> <span class='ocrx_word' id='word_1_99' title='bbox 1125 1009 1272 1054; x_wconf 81' lang='lat' dir='ltr'><em>dicito</em></span> <span class='ocrx_word' id='word_1_100' title='bbox 1309 1009 1365 1055; x_wconf 87' lang='lat' dir='ltr'><em>de</em></span> <span class='ocrx_word' id='word_1_101' title='bbox 1402 1009 1626 1055; x_wconf 76' lang='lat' dir='ltr'><em>Pontifice</em></span> <span class='ocrx_word' id='word_1_102' title='bbox 1660 1010 1819 1056; x_wconf 86' lang='lat' dir='ltr'><em>dubio.</em></span> 
     </span>
    </p>
   </div>
   <div class='ocr_carea' id='block_1_3' title="bbox 1043 1179 1229 1256">
    <p class='ocr_par' dir='ltr' id='par_1_3' title="bbox 1043 1179 1229 1256">
     <span class='ocr_line' id='line_1_12' title="bbox 1043 1179 1229 1256; baseline 0 -15"><span class='ocrx_word' id='word_1_103' title='bbox 1043 1179 1087 1256; x_wconf 56' lang='grc' dir='ltr'><em>ὃ.</em></span> <span class='ocrx_word' id='word_1_104' title='bbox 1138 1189 1229 1241; x_wconf 87' lang='grc'><em>35.</em></span> 
     </span>
    </p>
   </div>
   <div class='ocr_carea' id='block_1_4' title="bbox 426 1336 1832 1385">
    <p class='ocr_par' dir='ltr' id='par_1_4' title="bbox 426 1336 1832 1385">
     <span class='ocr_line' id='line_1_13' title="bbox 426 1336 1832 1385; baseline 0.002 -5"><span class='ocrx_word' id='word_1_105' title='bbox 426 1336 499 1380; x_wconf 90' lang='lat' dir='ltr'><em>DE</em></span> <span class='ocrx_word' id='word_1_106' title='bbox 545 1337 943 1383; x_wconf 82' lang='lat' dir='ltr'><em>CONCILIORUM</em></span> <span class='ocrx_word' id='word_1_107' title='bbox 978 1338 1358 1384; x_wconf 79' lang='lat' dir='ltr'><em>GENERALIUM</em></span> <span class='ocrx_word' id='word_1_108' title='bbox 1394 1339 1832 1385; x_wconf 84' lang='lat' dir='ltr'><em>CELEBRATIONE</em></span> 
     </span>
    </p>
   </div>
   <div class='ocr_carea' id='block_1_5' title="bbox 253 1510 1993 3005">
    <p class='ocr_par' dir='ltr' id='par_1_5' title="bbox 263 1510 1993 1952">
     <span class='ocr_line' id='line_1_14' title="bbox 347 1510 1993 1589; baseline 0.003 -21"><span class='ocrx_word' id='word_1_109' title='bbox 347 1510 771 1571; x_wconf 82' lang='lat' dir='ltr'><em>Convocationem</em></span> <span class='ocrx_word' id='word_1_110' title='bbox 814 1517 1038 1589; x_wconf 87' lang='lat' dir='ltr'><em>sequitur</em></span> <span class='ocrx_word' id='word_1_111' title='bbox 1081 1517 1368 1573; x_wconf 79' lang='lat' dir='ltr'><em>celebratio.</em></span> <span class='ocrx_word' id='word_1_112' title='bbox 1413 1516 1487 1572; x_wconf 91' lang='lat' dir='ltr'><em>De</em></span> <span class='ocrx_word' id='word_1_113' title='bbox 1531 1518 1864 1574; x_wconf 78' lang='lat' dir='ltr'><em>celebratione</em></span> <span class='ocrx_word' id='word_1_114' title='bbox 1905 1538 1993 1573; x_wconf 88' lang='lat' dir='ltr'><em>au-</em></span> 
     </span>
     <span class='ocr_line' id='line_1_15' title="bbox 267 1609 1984 1684; baseline 0.003 -22"><span class='ocrx_word' id='word_1_115' title='bbox 267 1620 363 1663; x_wconf 86' lang='lat' dir='ltr'><em>tem</em></span> <span class='ocrx_word' id='word_1_116' title='bbox 408 1610 503 1664; x_wconf 87' lang='lat' dir='ltr'><em>tria</em></span> <span class='ocrx_word' id='word_1_117' title='bbox 547 1610 834 1682; x_wconf 87' lang='lat' dir='ltr'><em>quaerenda</em></span> <span class='ocrx_word' id='word_1_118' title='bbox 866 1623 996 1667; x_wconf 89' lang='lat' dir='ltr'><em>sunt.</em></span> <span class='ocrx_word' id='word_1_119' title='bbox 1026 1609 1202 1666; x_wconf 85' lang='lat' dir='ltr'><em>Primo</em></span> <span class='ocrx_word' id='word_1_120' title='bbox 1247 1612 1452 1684; x_wconf 88' lang='lat' dir='ltr'><em>quidem</em></span> <span class='ocrx_word' id='word_1_121' title='bbox 1496 1613 1696 1667; x_wconf 85' lang='lat' dir='ltr'><em>cuinam</em></span> <span class='ocrx_word' id='word_1_122' title='bbox 1741 1610 1984 1668; x_wconf 85' lang='lat' dir='ltr'><em>Conciliis</em></span> 
     </span>
     <span class='ocr_line' id='line_1_16' title="bbox 263 1704 1989 1779; baseline 0.003 -23"><span class='ocrx_word' id='word_1_123' title='bbox 263 1704 581 1773; x_wconf 78' lang='lat' dir='ltr'><em>generalibus</em></span> <span class='ocrx_word' id='word_1_124' title='bbox 642 1704 965 1777; x_wconf 89' lang='lat' dir='ltr'><em>praesidendi</em></span> <span class='ocrx_word' id='word_1_125' title='bbox 1024 1707 1104 1775; x_wconf 90' lang='lat' dir='ltr'><em>jus</em></span> <span class='ocrx_word' id='word_1_126' title='bbox 1166 1708 1265 1776; x_wconf 74' lang='lat' dir='ltr'><em>sit3</em></span> <span class='ocrx_word' id='word_1_127' title='bbox 1326 1706 1506 1761; x_wconf 87' lang='lat' dir='ltr'><em>deinde</em></span> <span class='ocrx_word' id='word_1_128' title='bbox 1559 1707 1863 1779; x_wconf 84' lang='lat' dir='ltr'><em>quibusnam</em></span> <span class='ocrx_word' id='word_1_129' title='bbox 1924 1708 1989 1762; x_wconf 90' lang='lat' dir='ltr'><em>sit</em></span> 
     </span>
     <span class='ocr_line' id='line_1_17' title="bbox 263 1798 1988 1874; baseline 0.005 -25"><span class='ocrx_word' id='word_1_130' title='bbox 263 1798 342 1866; x_wconf 82' lang='lat' dir='ltr'><em>jus</em></span> <span class='ocrx_word' id='word_1_131' title='bbox 390 1798 620 1868; x_wconf 85' lang='lat' dir='ltr'><em>suffragii</em></span> <span class='ocrx_word' id='word_1_132' title='bbox 665 1798 896 1869; x_wconf 75' lang='lat' dir='ltr'><em>ferendi3</em></span> <span class='ocrx_word' id='word_1_133' title='bbox 940 1812 985 1854; x_wconf 90' lang='lat' dir='ltr'><em>et</em></span> <span class='ocrx_word' id='word_1_134' title='bbox 1031 1799 1245 1873; x_wconf 88' lang='lat' dir='ltr'><em>denique</em></span> <span class='ocrx_word' id='word_1_135' title='bbox 1288 1820 1534 1874; x_wconf 86' lang='lat' dir='ltr'><em>quaenam</em></span> <span class='ocrx_word' id='word_1_136' title='bbox 1579 1802 1643 1856; x_wconf 90' lang='lat' dir='ltr'><em>sit</em></span> <span class='ocrx_word' id='word_1_137' title='bbox 1675 1801 1838 1857; x_wconf 86' lang='lat' dir='ltr'><em>forma</em></span> <span class='ocrx_word' id='word_1_138' title='bbox 1883 1803 1988 1857; x_wconf 88' lang='lat' dir='ltr'><em>sive</em></span> 
     </span>
     <span class='ocr_line' id='line_1_18' title="bbox 263 1892 1447 1952; baseline 0.005 -6"><span class='ocrx_word' id='word_1_139' title='bbox 263 1894 390 1947; x_wconf 85' lang='lat' dir='ltr'><em>ratio</em></span> <span class='ocrx_word' id='word_1_140' title='bbox 435 1896 485 1948; x_wconf 89' lang='lat' dir='ltr'><em>in</em></span> <span class='ocrx_word' id='word_1_141' title='bbox 531 1892 773 1949; x_wconf 88' lang='lat' dir='ltr'><em>Conciliis</em></span> <span class='ocrx_word' id='word_1_142' title='bbox 817 1895 1064 1951; x_wconf 82' lang='lat' dir='ltr'><em>habendis</em></span> <span class='ocrx_word' id='word_1_143' title='bbox 1109 1896 1447 1952; x_wconf 89' lang='lat' dir='ltr'><em>observanda.</em></span> 
     </span>
    </p>

    <p class='ocr_par' dir='ltr' id='par_1_6' title="bbox 253 1986 1983 3005">
     <span class='ocr_line' id='line_1_19' title="bbox 338 1986 1983 2066; baseline 0.002 -24"><span class='ocrx_word' id='word_1_144' title='bbox 338 1986 453 2043; x_wconf 89' lang='lat' dir='ltr'><em>Jam</em></span> <span class='ocrx_word' id='word_1_145' title='bbox 505 2009 620 2045; x_wconf 88' lang='lat' dir='ltr'><em>vero</em></span> <span class='ocrx_word' id='word_1_146' title='bbox 665 1991 729 2044; x_wconf 89' lang='lat' dir='ltr'><em>ad</em></span> <span class='ocrx_word' id='word_1_147' title='bbox 774 1991 937 2060; x_wconf 76' lang='lat' dir='ltr'><em>illud,</em></span> <span class='ocrx_word' id='word_1_148' title='bbox 983 1991 1118 2064; x_wconf 90' lang='lat' dir='ltr'><em>quod</em></span> <span class='ocrx_word' id='word_1_149' title='bbox 1163 1992 1327 2064; x_wconf 90' lang='lat' dir='ltr'><em>primo</em></span> <span class='ocrx_word' id='word_1_150' title='bbox 1371 1991 1482 2048; x_wconf 87' lang='lat' dir='ltr'><em>loco</em></span> <span class='ocrx_word' id='word_1_151' title='bbox 1526 1993 1838 2066; x_wconf 87' lang='lat' dir='ltr'><em>propositum</em></span> <span class='ocrx_word' id='word_1_152' title='bbox 1883 2003 1983 2060; x_wconf 77' lang='lat' dir='ltr'><em>est,</em></span> 
     </span>
     <span class='ocr_line' id='line_1_20' title="bbox 259 2083 1981 2158; baseline 0.003 -23"><span class='ocrx_word' id='word_1_153' title='bbox 259 2083 618 2156; x_wconf 80' lang='lat' dir='ltr'><em>respondemus</em></span> <span class='ocrx_word' id='word_1_154' title='bbox 661 2086 740 2154; x_wconf 89' lang='lat' dir='ltr'><em>jus</em></span> <span class='ocrx_word' id='word_1_155' title='bbox 785 2085 1107 2158; x_wconf 87' lang='lat' dir='ltr'><em>praesidendi</em></span> <span class='ocrx_word' id='word_1_156' title='bbox 1151 2083 1395 2141; x_wconf 87' lang='lat' dir='ltr'><em>Conciliis</em></span> <span class='ocrx_word' id='word_1_157' title='bbox 1426 2086 1745 2157; x_wconf 83' lang='lat' dir='ltr'><em>generalibus</em></span> <span class='ocrx_word' id='word_1_158' title='bbox 1775 2086 1839 2140; x_wconf 89' lang='lat' dir='ltr'><em>ad</em></span> <span class='ocrx_word' id='word_1_159' title='bbox 1868 2104 1981 2140; x_wconf 88' lang='lat' dir='ltr'><em>eum</em></span> 
     </span>
     <span class='ocr_line' id='line_1_21' title="bbox 258 2178 1982 2254; baseline 0.002 -25"><span class='ocrx_word' id='word_1_160' title='bbox 258 2178 526 2250; x_wconf 75' lang='lat' dir='ltr'><em>pertinere,</em></span> <span class='ocrx_word' id='word_1_161' title='bbox 555 2180 639 2251; x_wconf 88' lang='lat' dir='ltr'><em>qui</em></span> <span class='ocrx_word' id='word_1_162' title='bbox 684 2181 859 2234; x_wconf 87' lang='lat' dir='ltr'><em>ceteris</em></span> <span class='ocrx_word' id='word_1_163' title='bbox 904 2181 1200 2234; x_wconf 89' lang='lat' dir='ltr'><em>auctoritate</em></span> <span class='ocrx_word' id='word_1_164' title='bbox 1244 2192 1482 2254; x_wconf 84' lang='lat' dir='ltr'><em>praestat.</em></span> <span class='ocrx_word' id='word_1_165' title='bbox 1530 2178 1614 2235; x_wconf 88' lang='lat' dir='ltr'><em>Sic</em></span> <span class='ocrx_word' id='word_1_166' title='bbox 1660 2180 1886 2235; x_wconf 88' lang='lat' dir='ltr'><em>videmus</em></span> <span class='ocrx_word' id='word_1_167' title='bbox 1931 2180 1982 2234; x_wconf 88' lang='lat' dir='ltr'><em>in</em></span> 
     </span>
     <span class='ocr_line' id='line_1_22' title="bbox 255 2272 1975 2348; baseline 0.002 -23"><span class='ocrx_word' id='word_1_168' title='bbox 255 2272 580 2326; x_wconf 86' lang='lat' dir='ltr'><em>conventibus</em></span> <span class='ocrx_word' id='word_1_169' title='bbox 615 2273 848 2328; x_wconf 87' lang='lat' dir='ltr'><em>omnibus</em></span> <span class='ocrx_word' id='word_1_170' title='bbox 893 2293 1024 2343; x_wconf 71' lang='lat' dir='ltr'><em>eum,</em></span> <span class='ocrx_word' id='word_1_171' title='bbox 1053 2275 1139 2347; x_wconf 89' lang='lat' dir='ltr'><em>qui</em></span> <span class='ocrx_word' id='word_1_172' title='bbox 1182 2286 1424 2348; x_wconf 87' lang='lat' dir='ltr'><em>potestate</em></span> <span class='ocrx_word' id='word_1_173' title='bbox 1468 2276 1633 2345; x_wconf 87' lang='lat' dir='ltr'><em>major</em></span> <span class='ocrx_word' id='word_1_174' title='bbox 1675 2286 1767 2343; x_wconf 75' lang='lat' dir='ltr'><em>est,</em></span> <span class='ocrx_word' id='word_1_175' title='bbox 1797 2275 1975 2329; x_wconf 88' lang='lat' dir='ltr'><em>ceteris</em></span> 
     </span>
     <span class='ocr_line' id='line_1_23' title="bbox 253 2365 1980 2442; baseline 0.002 -23"><span class='ocrx_word' id='word_1_176' title='bbox 253 2366 364 2435; x_wconf 85' lang='lat' dir='ltr'><em>jure</em></span> <span class='ocrx_word' id='word_1_177' title='bbox 408 2385 497 2422; x_wconf 86' lang='lat' dir='ltr'><em>suo</em></span> <span class='ocrx_word' id='word_1_178' title='bbox 540 2386 787 2440; x_wconf 88' lang='lat' dir='ltr'><em>praeesse.</em></span> <span class='ocrx_word' id='word_1_179' title='bbox 834 2365 963 2422; x_wconf 90' lang='lat' dir='ltr'><em>Cum</em></span> <span class='ocrx_word' id='word_1_180' title='bbox 1007 2369 1175 2441; x_wconf 88' lang='lat' dir='ltr'><em>itaque</em></span> <span class='ocrx_word' id='word_1_181' title='bbox 1220 2367 1459 2424; x_wconf 88' lang='lat' dir='ltr'><em>Summus</em></span> <span class='ocrx_word' id='word_1_182' title='bbox 1502 2368 1742 2425; x_wconf 81' lang='lat' dir='ltr'><em>Pontifex</em></span> <span class='ocrx_word' id='word_1_183' title='bbox 1776 2379 1980 2442; x_wconf 86' lang='lat' dir='ltr'><em>propter</em></span> 
     </span>
     <span class='ocr_line' id='line_1_24' title="bbox 255 2458 1976 2537; baseline 0.002 -24"><span class='ocrx_word' id='word_1_184' title='bbox 255 2458 577 2531; x_wconf 73' lang='lat' dir='ltr'><em>Primatum,</em></span> <span class='ocrx_word' id='word_1_185' title='bbox 619 2480 766 2535; x_wconf 91' lang='lat' dir='ltr'><em>quem</em></span> <span class='ocrx_word' id='word_1_186' title='bbox 811 2482 839 2517; x_wconf 86' lang='lat' dir='ltr'><em>a</em></span> <span class='ocrx_word' id='word_1_187' title='bbox 883 2460 1090 2518; x_wconf 86' lang='lat' dir='ltr'><em>Christo</em></span> <span class='ocrx_word' id='word_1_188' title='bbox 1152 2464 1379 2537; x_wconf 74' lang='lat' dir='ltr'><em>accepit,</em></span> <span class='ocrx_word' id='word_1_189' title='bbox 1440 2464 1648 2536; x_wconf 85' lang='lat' dir='ltr'><em>reliquis</em></span> <span class='ocrx_word' id='word_1_190' title='bbox 1710 2463 1976 2537; x_wconf 88' lang='lat' dir='ltr'><em>Episcopis</em></span> 
     </span>
     <span class='ocr_line' id='line_1_25' title="bbox 256 2556 1977 2630; baseline 0.001 -21"><span class='ocrx_word' id='word_1_191' title='bbox 256 2567 496 2627; x_wconf 81' lang='lat' dir='ltr'><em>potestate</em></span> <span class='ocrx_word' id='word_1_192' title='bbox 557 2556 853 2624; x_wconf 74' lang='lat' dir='ltr'><em>antecellat,</em></span> <span class='ocrx_word' id='word_1_193' title='bbox 913 2556 1061 2629; x_wconf 87' lang='lat' dir='ltr'><em>plane</em></span> <span class='ocrx_word' id='word_1_194' title='bbox 1123 2558 1480 2630; x_wconf 73' lang='lat' dir='ltr'><em>consequitur,</em></span> <span class='ocrx_word' id='word_1_195' title='bbox 1523 2559 1603 2627; x_wconf 83' lang='lat' dir='ltr'><em>jus</em></span> <span class='ocrx_word' id='word_1_196' title='bbox 1648 2559 1751 2612; x_wconf 90' lang='lat' dir='ltr'><em>sive</em></span> <span class='ocrx_word' id='word_1_197' title='bbox 1793 2576 1882 2630; x_wconf 88' lang='lat' dir='ltr'><em>per</em></span> <span class='ocrx_word' id='word_1_198' title='bbox 1926 2575 1977 2611; x_wconf 89' lang='lat' dir='ltr'><em>se</em></span> 
     </span>
     <span class='ocr_line' id='line_1_26' title="bbox 256 2647 1975 2724; baseline 0.002 -22"><span class='ocrx_word' id='word_1_199' title='bbox 256 2650 360 2703; x_wconf 75' lang='lat' dir='ltr'><em>sive</em></span> <span class='ocrx_word' id='word_1_200' title='bbox 404 2670 491 2723; x_wconf 87' lang='lat' dir='ltr'><em>per</em></span> <span class='ocrx_word' id='word_1_201' title='bbox 534 2670 649 2705; x_wconf 88' lang='lat' dir='ltr'><em>suos</em></span> <span class='ocrx_word' id='word_1_202' title='bbox 700 2647 916 2720; x_wconf 85' lang='lat' dir='ltr'><em>Legatos</em></span> <span class='ocrx_word' id='word_1_203' title='bbox 969 2650 1285 2720; x_wconf 84' lang='lat' dir='ltr'><em>generalibus</em></span> <span class='ocrx_word' id='word_1_204' title='bbox 1349 2648 1593 2706; x_wconf 87' lang='lat' dir='ltr'><em>Conciliis</em></span> <span class='ocrx_word' id='word_1_205' title='bbox 1654 2649 1975 2724; x_wconf 85' lang='lat' dir='ltr'><em>praesidendi</em></span> 
     </span>
     <span class='ocr_line' id='line_1_27' title="bbox 255 2743 1974 2819; baseline 0.002 -23"><span class='ocrx_word' id='word_1_206' title='bbox 255 2743 318 2797; x_wconf 87' lang='lat' dir='ltr'><em>ad</em></span> <span class='ocrx_word' id='word_1_207' title='bbox 364 2743 640 2799; x_wconf 88' lang='lat' dir='ltr'><em>Primatem</em></span> <span class='ocrx_word' id='word_1_208' title='bbox 685 2744 940 2799; x_wconf 88' lang='lat' dir='ltr'><em>Ecclesiae</em></span> <span class='ocrx_word' id='word_1_209' title='bbox 981 2746 1246 2819; x_wconf 88' lang='lat' dir='ltr'><em>pertinere.</em></span> <span class='ocrx_word' id='word_1_210' title='bbox 1301 2743 1419 2811; x_wconf 82' lang='lat' dir='ltr'><em>Quo</em></span> <span class='ocrx_word' id='word_1_211' title='bbox 1463 2747 1613 2799; x_wconf 90' lang='lat' dir='ltr'><em>etiam</em></span> <span class='ocrx_word' id='word_1_212' title='bbox 1657 2756 1846 2818; x_wconf 88' lang='lat' dir='ltr'><em>spectat</em></span> <span class='ocrx_word' id='word_1_213' title='bbox 1894 2745 1974 2814; x_wconf 89' lang='lat' dir='ltr'><em>jus</em></span> 
     </span>
     <span class='ocr_line' id='line_1_28' title="bbox 255 2836 1974 2912; baseline 0.002 -22"><span class='ocrx_word' id='word_1_214' title='bbox 255 2838 567 2910; x_wconf 88' lang='lat' dir='ltr'><em>proponendi</em></span> <span class='ocrx_word' id='word_1_215' title='bbox 593 2859 670 2909; x_wconf 69' lang='lat' dir='ltr'><em>ea,</em></span> <span class='ocrx_word' id='word_1_216' title='bbox 698 2839 759 2894; x_wconf 88' lang='lat' dir='ltr'><em>de</em></span> <span class='ocrx_word' id='word_1_217' title='bbox 795 2839 976 2912; x_wconf 88' lang='lat' dir='ltr'><em>quibus</em></span> <span class='ocrx_word' id='word_1_218' title='bbox 1020 2840 1071 2893; x_wconf 90' lang='lat' dir='ltr'><em>in</em></span> <span class='ocrx_word' id='word_1_219' title='bbox 1116 2836 1359 2893; x_wconf 84' lang='lat' dir='ltr'><em>Conciliis</em></span> <span class='ocrx_word' id='word_1_220' title='bbox 1405 2838 1653 2909; x_wconf 89' lang='lat' dir='ltr'><em>agendum</em></span> <span class='ocrx_word' id='word_1_221' title='bbox 1697 2839 1974 2912; x_wconf 73' lang='lat' dir='ltr'><em>erit‚p1=io-</em></span> 
     </span>
     <span class='ocr_line' id='line_1_29' title="bbox 256 2930 1972 3005; baseline 0.002 -21"><span class='ocrx_word' id='word_1_222' title='bbox 256 2931 424 3003; x_wconf 83' lang='lat' dir='ltr'><em>risque</em></span> <span class='ocrx_word' id='word_1_223' title='bbox 466 2934 738 2989; x_wconf 88' lang='lat' dir='ltr'><em>sententiae</em></span> <span class='ocrx_word' id='word_1_224' title='bbox 780 2933 1055 2989; x_wconf 88' lang='lat' dir='ltr'><em>dicendae:</em></span> <span class='ocrx_word' id='word_1_225' title='bbox 1102 2933 1241 3003; x_wconf 88' lang='lat' dir='ltr'><em>cujus</em></span> <span class='ocrx_word' id='word_1_226' title='bbox 1285 2932 1488 3005; x_wconf 89' lang='lat' dir='ltr'><em>quidem</em></span> <span class='ocrx_word' id='word_1_227' title='bbox 1534 2933 1604 2987; x_wconf 87' lang='lat' dir='ltr'><em>rei</em></span> <span class='ocrx_word' id='word_1_228' title='bbox 1647 2933 1698 2986; x_wconf 90' lang='lat' dir='ltr'><em>in</em></span> <span class='ocrx_word' id='word_1_229' title='bbox 1743 2930 1972 2988; x_wconf 87' lang='lat' dir='ltr'><em>Concilio</em></span> 
     </span>
    </p>
   </div>
  </div>
 </body>
</html>
