2114 3289
1715 172 1766 206 ΙΙΙ

191 270 390 337 Quibus
422 269 482 323 de
514 269 678 323 causis
725 267 961 323 Summus
1007 268 1244 324 Pontifex
1288 269 1389 325 Leo
1434 270 1536 324 XII
1581 269 1840 327 Constitu-

109 368 296 420 tutioue
337 364 470 419 edita
514 365 666 427 Quod
709 364 891 418 (lirina
934 365 1228 436 Sapientia,
1274 386 1371 438 qua
1438 368 1684 422 rationem
1741 380 1843 422 stu-

111 460 308 515 diorum
388 460 437 511 iu
500 469 602 512 tota
681 458 871 513 ditione
947 458 1284 513 ecclesiastica
1364 460 1653 515 moderatus
1731 474 1840 530 est,

107 553 409 626 peculiarem
450 551 744 606 cathedram
789 551 1166 607 Institutionum
1227 550 1366 608 Juris
1418 552 1619 609 Publici
1665 554 1837 610 Eccle-

106 647 296 701 siastici
341 647 390 701 in
437 647 631 716 magnis
660 643 840 717 Lyceis
871 645 1105 701 Romano
1143 658 1188 700 et
1216 645 1524 702 Bononiensi
1556 650 1832 706 constituit.

185 740 303 808 Qua
365 739 734 797 Constitutione
794 742 1131 815 promulgata„
1193 761 1304 796 cum
1366 743 1836 799 animadvertissem

105 835 349 890 Italorum
392 837 618 890 extitisse
662 837 929 904 neminem,
961 837 1046 908 qui
1077 834 1215 891 Juris
1251 835 1453 891 Publici
1491 836 1835 893 Ecclesiastici

106 928 447 985 Institutiones
510 931 563 984 in
621 931 911 985 scholarum
972 949 1116 986 usum
1178 930 1438 1000 edidisset,
1501 932 1617 986 huic
1700 934 1839 1006 operi

103 1043 280 1078 manus
341 1024 609 1079 admovere
670 1026 829 1098 coepi9
892 1037 938 1079 et
999 1026 1090 1079 has
1160 1023 1538 1094 Institutiones,
1603 1026 1836 1081 videlicet

102 1120 265 1192 prima
308 1117 446 1173 Juris
490 1117 691 1174 Publici
736 1119 1079 1174 Ecclesiastici
1141 1120 1384 1174 elementa
1446 1122 1745 1194 conscripsi„
1791 1134 1836 1176 et

105 1224 218 1266 sunt
263 1213 412 1268 veluti
458 1232 574 1286 pars
619 1213 906 1284 dogmatica
951 1212 1087 1268 Juris
1132 1211 1397 1282 Canonici,
1461 1234 1617 1287 eaque
1680 1234 1836 1288 nuper

100 1307 237 1362 edidi
282 1309 333 1362 in
376 1310 592 1378 gratiam
638 1307 1051 1376 adolescentium,
1095 1309 1181 1380 qui
1241 1309 1291 1361 in
1353 1309 1641 1363 Anximano
1703 1308 1830 1365 Ven.

105 1400 389 1456 Seminario
433 1413 478 1455 et
519 1399 698 1457 Nobili
746 1398 972 1472 Collegio
1018 1399 1278 1474 Campana
1323 1403 1667 1459 instituuntur.

179 1493 327 1550 Nunc
370 1494 661 1550 earumdem
723 1494 1096 1551 Institutionum
1160 1496 1282 1550 haec
1343 1496 1499 1550 altera
1562 1496 1715 1551 editio
1780 1500 1826 1553 iu

98 1589 258 1643 lucem
303 1590 472 1662 prodit
515 1590 685 1645 multis
731 1591 779 1644 in
825 1589 949 1646 locis
994 1602 1158 1659 aucta,
1203 1609 1357 1663 eaque
1400 1592 1450 1645 in
1510 1602 1608 1645 tres
1662 1592 1820 1648 libros

99 1683 393 1753 distributa,
438 1704 651 1757 quorum

225 1776 265 1833 Ι.
310 1777 384 1833 De
428 1777 572 1834 Statu
617 1778 890 1835 Ecclesiae.

206 1871 273 1928 ΙΙ.
318 1872 391 1927 De
435 1872 690 1928 Ecclesiae
732 1872 1054 1930 RectoribuS.

180 1965 276 2023 ΙΙΙ.
320 1966 395 2022 Β6
457 1966 696 2023 Personis
759 1979 805 2023 et
863 1966 1035 2023 Rebus
1097 1971 1329 2043 potestati
1399 1969 1656 2025 Ecclesiae
1709 1971 1827 2026 sub-

97 2063 259 2132 jectis,

176 2154 513 2212 Veruntamen
573 2178 753 2231 operae
812 2160 1027 2232 pretium
1080 2157 1203 2213 duxi
1263 2158 1325 2214 de
1385 2157 1506 2214 ‚Iure
1567 2157 1825 2216 Canonico

93 2252 390 2321 generatim,
434 2252 495 2307 de
537 2251 780 2308 Fontibus
840 2253 1065 2323 ejusdem
1123 2250 1289 2322 Juris,
1334 2253 1494 2327 deque
1550 2253 1823 2310 Sacrorum

94 2343 356 2400 Canonum
401 2343 796 2402 Collectionibus
840 2349 1067 2403 notiones
1112 2347 1308 2421 aliquas
1353 2368 1679 2423 praeponere,
1712 2350 1822 2421 qui-

94 2438 188 2493 bus
218 2439 283 2494 ad
314 2440 436 2495 haec
480 2440 646 2495 studia
691 2442 783 2495 rite
826 2440 1035 2497 colenda
1079 2444 1299 2497 tironum
1344 2454 1530 2498 mentes
1576 2442 1734 2497 imbui
1778 2455 1825 2497 et

93 2536 388 2608 praeparari
432 2536 637 2590 omnino
682 2535 879 2591 debent.

165 2625 293 2683 Cum
336 2630 387 2683 in
456 2629 551 2685 hoc
612 2648 737 2703 opus
799 2630 1159 2701 incumberem,
1204 2633 1330 2686 mihi
1375 2650 1571 2704 semper
1627 2643 1821 2686 versata

93 2734 206 2776 sunt
248 2735 360 2777 ante
403 2723 574 2779 oculos
619 2742 676 2779 ea
721 2724 872 2779 verba
915 2723 1190 2781 Justiniani
1235 2725 1357 2781 Inst.
1403 2725 1464 2779 de
1507 2723 1554 2780 J.
1593 2736 1637 2778 et
1678 2723 1726 2781 J.
1775 2721 1819 2796 3.

99 2817 150 2869 2:
193 2818 327 2872 Jura
357 2817 434 2871 ita
458 2817 703 2872 videmur
723 2837 872 2891 posse
900 2819 1045 2874 tradi
1075 2819 1508 2884 commodissime,
1558 2819 1601 2871 si
1644 2819 1820 2890 primo

91 2907 188 2961 levi
232 2928 290 2963 ac
343 2911 566 2982 simplici
625 2911 732 2979 ria,
789 2925 905 2984 post
965 2914 1148 2967 deinde
1209 2913 1608 2984 diliqentissz’mu
1671 2924 1820 2984 alque
