2114 3289
361 130 435 180 84
479 146 572 182 LIB.
599 145 651 181 ΙΙ.
674 143 719 180 C.
742 144 775 179 1.
808 143 868 177 DE
897 143 945 176 R.
977 141 1244 178 PONTIFICE
1274 141 1443 183 EJUSQ.
1473 140 1817 177 ADJUTORIBUS

536 386 608 431 DE
646 383 785 429 JURE
824 381 1271 428 EPISCOPATUUM
1307 381 1731 429 ERIGENDORUM

347 532 483 590 Novi
526 531 861 606 Episcopatus
904 532 1166 601 eriguntur
1208 548 1297 604 per
1340 527 1625 586 Cathedrae
1668 530 1988 607 Episcopalis

267 629 651 695 institutionem,
694 637 742 680 et
782 644 871 699 per
913 624 1206 695 Terrstorii,
1245 643 1332 679 seu
1373 623 1630 680 Dioecesis
1676 626 2000 681 circumscri-

267 723 506 795 ptionem.
552 718 818 793 Siquidem
861 721 913 774 in
955 718 1067 775 loco
1112 731 1266 793 aptO,
1311 738 1339 773 a
1384 737 1483 791 quo
1527 717 1860 793 Episcopatus
1907 739 1998 774 no-

267 834 378 869 men
438 815 658 889 accipit,
709 826 755 868 et
798 813 930 868 unde
973 813 1255 888 Episcopus
1301 824 1459 868 totam
1501 811 1787 868 Dioecesim
1830 815 1995 884 regit,

266 908 584 982 Episcopalis
629 906 886 963 Cathedra
930 909 1268 976 constituitur,
1301 907 1367 962 ad
1410 926 1619 979 eamque
1656 918 1844 961 certum
1871 907 1998 962 Ter-

264 1004 498 1058 ritorium
542 987 873 1073 adjungitur9⁵
909 1003 1113 1075 suisque
1158 1002 1343 1057 finibus
1389 1000 1846 1057 circumscribitur.
1900 999 2001 1056 Per

265 1099 395 1152 hanc
439 1117 556 1153 vero
601 1098 871 1167 territorii‚
916 1098 1020 1152 sive
1063 1096 1322 1152 Dioecesis
1367 1096 1803 1166 designationem,
1848 1107 1997 1168 atque

266 1194 784 1266 circumscriptionem
834 1191 1122 1262 jurisdictio
1173 1190 1545 1265 Episcoporum
1590 1190 1994 1259 determinatur,

264 1289 335 1343 ita
378 1286 582 1360 quidem
626 1298 678 1340 ut
720 1285 1003 1359 Episcopus
1047 1286 1112 1340 ad
1155 1284 1512 1359 Episcopalem
1566 1282 1875 1340 Cathedram
1927 1284 1997 1339 le-

267 1383 441 1453 gitime
467 1391 685 1449 evectus,
713 1398 833 1434 mox
876 1379 1231 1453 Episcopalem
1274 1379 1679 1450 jurisdictionem
1724 1380 1776 1433 in
1822 1378 1993 1434 fideles

269 1495 480 1544 omneS‚
541 1475 627 1547 qui
682 1475 813 1529 intra
857 1474 980 1528 fines
1024 1472 1282 1529 Dioecesis
1327 1485 1480 1542 sunt,
1523 1493 1753 1528 exercere
1795 1475 1994 1547 possit,

270 1570 357 1625 sed
386 1570 516 1624 ultra
545 1589 628 1624 eos
673 1569 795 1623 fines
839 1570 884 1623 ei
927 1568 1167 1642 progredi
1210 1587 1467 1640 nunquam
1511 1568 1644 1623 licet.
1690 1566 1822 1622 Hinc
1867 1565 2000 1623 Con-

269 1665 442 1719 cilium
486 1661 789 1719 Antiochen.
835 1682 945 1718 can.
995 1667 1046 1718 9.
1092 1664 1285 1731 statuit,
1314 1662 1624 1733 Episcopum
1668 1662 1802 1716 nihil
1845 1679 1999 1733 aqere

266 1758 470 1824 debere,
514 1758 616 1811 nisi
661 1775 720 1811 ea
768 1767 971 1812 tantum
1029 1774 1158 1828 quae
1203 1757 1273 1810 ced
1315 1775 1460 1810 suam
1504 1756 1792 1811 Dioecesim
1835 1756 2002 1829 perti-

266 1863 387 1907 nent
428 1852 708 1907 secundum
751 1852 1021 1923 antiquam
1045 1870 1077 1905 α
1103 1852 1349 1906 Patribus
1391 1851 1578 1906 nostris
1621 1850 1855 1924 regula-m
1883 1869 2001 1905 con-

270 1948 519 2004 stitutam.
572 1946 638 2001 At
683 1967 798 2002 vero
843 1948 1037 2020 antiqui
1081 1944 1259 2003 Patres
1304 1948 1464 2002 nostri
1507 1965 1617 2001 eam
1662 1946 1888 2018 regulam
1934 1947 1998 2001 ab

267 2044 392 2116 ipsis
436 2040 695 2115 Apostolis
740 2053 1056 2116 acceperunt,
1085 2041 1496 2115 quandoquidem
1541 2040 1771 2116 Apostoli
1809 2043 1860 2096 in
1889 2041 2000 2096 fun-

267 2137 451 2192 dandis
513 2135 754 2191 Ecclesiis
817 2149 1111 2211 potestatem
1163 2135 1531 2211 Episcoporum
1577 2138 1726 2191 certis
1769 2136 1998 2192 locorum

267 2230 516 2285 limitibus
568 2242 910 2287 coercuerunt.
975 2229 1049 2286 Ita
1101 2230 1155 2287 S.
1202 2229 1392 2286 Paulus
1435 2229 1763 2286 Timotheum
1807 2229 1996 2305 Ephesi

268 2324 576 2399 Episcopum
621 2324 757 2393 fecit,
800 2324 973 2380 Titum
1019 2326 1211 2380 insulae
1257 2324 1455 2395 Cretae,
1493 2325 1797 2396 Dionysium
1840 2324 1998 2381 Areo-

268 2422 491 2494 pagitam
554 2417 788 2475 Corinthi
849 2421 1106 2474 constituit
1165 2420 1482 2495 Episcoposg
1542 2421 1610 2474 ita
1666 2418 1721 2476 S.
1775 2418 1995 2475 Joannes

268 2513 609 2587 Polycarpum
653 2512 901 2583 Smyrnae
944 2514 1082 2569 dedit
1125 2514 1453 2588 Episcopum,
1483 2527 1629 2588 atque
1657 2516 1724 2569 ita
1764 2515 1828 2570 ab
1856 2516 1994 2588 Apo-

270 2609 411 2663 stolis
453 2609 639 2678 jugiter
682 2607 869 2662 factum
913 2620 1013 2663 est:
1059 2611 1387 2682 quamobrem
1432 2610 1522 2665 lib.
1557 2609 1617 2664 de
1645 2610 1768 2663 unit.
1799 2607 1993 2664 EccleS.

269 2703 524 2775 praeclare
551 2704 752 2776 scripsit
795 2701 849 2759 S.
896 2700 1210 2777 Cyprianus:
1257 2704 1489 2774 Simqulis
1534 2703 1835 2756 Pastoribus
1870 2722 1996 2775 por-

270 2797 340 2850 tio
381 2796 547 2867 qreqis
588 2797 688 2867 fuit
730 2797 1013 2869 adscripta,
1048 2814 1201 2868 quam
1244 2809 1387 2869 reflat
1430 2798 1774 2868 unusquisque
1820 2808 1865 2853 et
1901 2816 1995 2869 qu-

271 2890 457 2945 berncl.
