2114 3289
444 93 464 102 a

440 103 483 168 Β.
514 118 642 153 xxv.
675 116 733 151 DE
760 117 882 151 JURE
912 117 1132 153 APPnoB.
1167 117 1384 153 onnmsss
1412 117 1589 152 Reum„
1726 103 1790 152 81

157 219 447 287 caritatem,
502 238 589 272 nee
649 218 1061 273 immobilitatem
1123 217 1550 290 Congregationes
1616 219 1883 290 religiosae

156 315 278 370 olim
331 315 632 382 hahuerunt,
677 314 796 368 dum
840 316 1259 371 monasteriorum
1304 315 1612 384 conditores,
1656 335 1747 388 pro
1793 334 1883 370 suo

156 410 366 481 quisque
427 408 676 476 arbitrio,
740 410 1071 464 monasticam
1122 408 1447 482 disciplinam
1504 408 1883 482 temperabant:

155 521 254 556 non
296 502 653 570 securitatem„
698 503 817 575 quia
862 504 1149 572 contingere
1193 513 1417 574 poterat,
1464 514 1514 556 ut
1558 503 1758 573 regulae
1817 501 1883 557 ad

155 596 497 666 evangelicam
540 597 894 670 perfectionem
931 595 1327 669 comparandam
1354 597 1519 652 minus
1547 608 1712 651 essent
1739 607 1884 671 aptae

153 701 201 743 et
243 690 678 746 accommodatae:
723 709 822 745 non
863 689 1297 758 immobilitatem,
1341 691 1460 762 quia
1504 702 1576 745 tot
1617 702 1758 745 erant
1804 710 1881 745 re-

155 784 321 855 gulae,
357 797 477 857 quot
520 786 846 853 monasteria,
890 797 937 840 et
981 784 1182 856 regulae
1225 785 1365 858 ipsae
1409 786 1599 857 passim
1642 792 1882 855 mutatae3

156 891 202 933 et
245 879 411 952 plures
455 899 554 935 non
597 899 713 934 raro
757 881 808 933 in
851 879 1026 934 eodem
1072 879 1378 933 monasterio
1422 880 1729 952 propositae.
1779 877 1884 954 Ap-

154 973 388 1046 probatio
449 975 604 1044 igitur
656 972 854 1029 Summi
897 971 1162 1028 Pontificis
1207 971 1333 1026 adeo
1378 974 1661 1027 necessaria
1704 973 1883 1030 habita

154 1079 262 1136 est,
308 1079 359 1123 ut
401 1070 507 1123 sine
549 1087 636 1138 ea,
681 1086 768 1122 nec
811 1066 1136 1139 ReligioneS‚
1181 1085 1268 1121 nec
1313 1077 1426 1121 vota
1471 1066 1716 1122 solemnia
1763 1065 1889 1124 con?

157 1173 353 1217 slstant.

213 1335 440 1381 Melchior
474 1337 630 1381 Canus
666 1335 714 1379 in
750 1334 891 1380 docto
927 1340 972 1380 et
1016 1333 1223 1391 eleganti
1273 1346 1415 1390 opere
1453 1333 1509 1378 de
1547 1331 1681 1378 Locis
1716 1330 1894 1378 theolo-

144 1416 265 1477 qz‘cz's
301 1418 382 1462 lib.
420 1419 448 1460 5
487 1430 589 1475 cap.
628 1420 654 1462 5
695 1417 974 1474 scripserat:
1030 1413 1230 1461 Ordines
1274 1414 1344 1461 vel
1387 1414 1609 1476 probare,
1645 1413 1718 1461 vel
1751 1414 1895 1475 refel-

145 1497 257 1554 lere,
295 1497 516 1559 quom'am
552 1513 645 1543 non
682 1513 703 1544 e
740 1497 939 1543 seientia
976 1495 1026 1542 td
1074 1496 1243 1553 solum,
1281 1495 1358 1543 secl
1393 1496 1534 1542 etiam
1570 1512 1591 1542 e
1637 1494 1892 1556 prudentia

141 1577 330 1640 pendet,
369 1594 462 1625 non
498 1577 559 1624 acl
594 1593 645 1624 ea
678 1578 904 1640 pertinet,
930 1578 982 1623 in
1018 1578 1185 1640 quibus
1221 1578 1438 1624 Summus
1462 1576 1695 1637 Pontifex
1731 1591 1890 1624 errare

145 1660 322 1721 nequit.
361 1663 475 1707 Cum
514 1668 669 1706 autem
708 1673 760 1706 ea
799 1661 938 1706 verba
976 1661 1212 1718 aliquibus
1248 1660 1500 1718 'theologis
1537 1666 1583 1705 et
1618 1660 1891 1705 Canonistis

147 1742 285 1801 plena
328 1742 846 1788 inconsideratissimae
897 1742 1181 1787 temeritatis
1231 1741 1529 1795 viderentur,
1577 1753 1669 1798 quo
1719 1753 1889 1796 sensu,

147 1837 295 1881 eoque
330 1830 479 1878 recto,
516 1823 824 1881 intelligenda
863 1829 1038 1877 essent,
1076 1822 1374 1879 Hyacinthus
1412 1822 1554 1879 Serry
1589 1820 1643 1866 in
1687 1819 1893 1882 Praefa-

147 1903 295 1961 tione,
347 1917 485 1963 quam
528 1910 636 1950 ante
675 1904 787 1949 illud
841 1916 958 1962 opus
1009 1903 1272 1961 praemisit,
1309 1915 1412 1961 cap.
1457 1902 1510 1947 11
1564 1903 1888 1949 demonstrare

145 1984 344 2031 studuit.
384 1983 558 2031 Confer
592 1985 753 2043 itaque
793 1990 1042 2042 utrumque
1079 1985 1346 2031 Auctorem.

921 2157 965 2233 g,
1015 2164 1106 2218 26.

669 2302 742 2347 DE
778 2302 918 2348 JURE
956 2301 1358 2350 CANONIZANDI

230 2476 429 2552 Duplex
471 2479 600 2533 ratio
628 2491 700 2534 est
725 2498 870 2535 sacro
917 2490 963 2533 et
1008 2478 1209 2552 publico
1254 2477 1387 2533 cultu
1418 2497 1501 2533 eos
1539 2476 1877 2550 prosequendi

151 2574 237 2644 qui
270 2573 334 2627 ob
378 2575 697 2643 martyrium,
736 2585 820 2627 aut
863 2575 1077 2628 eximias
1124 2575 1329 2627 virtutes
1375 2591 1558 2642 magna
1606 2590 1716 2625 cum
1764 2590 1880 2625 san-

151 2668 335 2722 ctitatis
396 2667 531 2722 fama
576 2667 824 2737 obierunt,
876 2687 1090 2740 quarum
1144 2668 1300 2722 altera
1344 2664 1687 2738 Beatificatio‚
1717 2664 1877 2719 altera

153 2761 490 2816 Canoniz-cttio
532 2762 778 2836 appellari
823 2765 1097 2819 consuevit.
1141 2761 1393 2818 Gonzalez
1439 2762 1489 2815 in
1552 2779 1661 2834 cap.
1708 2758 1878 2814 Audi-

153 2852 318 2907 vimus
379 2855 439 2910 de
499 2856 645 2928 reliq.
702 2868 748 2912 et
811 2869 1026 2913 venerat.
1090 2855 1428 2913 Sanctorum:
1491 2852 1833 2910 Canonizatio
1853 2895 1874 2921 ,

1401 2953 1432 3002 6
