2114 3289
336 131 410 182 98
455 145 548 183 LIB.
573 145 626 182 11.
648 144 693 181 G.
716 143 749 180 1.
781 141 840 178 DE
868 142 917 176 R.
948 139 1213 176 PONTIFICE
1242 139 1409 183 EJUSQ.
1439 138 1781 176 ADJUTORIBUS

252 246 518 306 Postrema
571 247 721 303 verba
763 263 825 299 ex
868 243 1117 318 superiori
1159 262 1348 299 canone
1391 255 1589 318 sumpta
1633 254 1783 312 sunt,
1811 252 1975 320 *atque

255 342 380 400 adeo
425 342 490 398 ad
531 340 817 396 Primatum
859 335 1160 393 referuntur.

333 436 521 492 Verum
548 452 607 489 ne
657 432 836 503 longus
879 432 1016 502 sim,
1058 441 1326 506 postquam
1367 428 1739 488 Thomassinus
1781 447 1845 484 ex
1870 447 1979 484 mo-

254 530 502 586 numentis
529 545 696 582 rerum
722 524 1192 581 Ecclesiasticarum
1229 524 1498 595 diligenter
1521 525 1772 599 exposuit,
1799 542 1974 597 quem-

254 621 528 680 admodum
571 631 788 696 potestas
832 618 1187 691 erigendorum
1222 616 1616 692 Episcopatuum
1668 638 1757 692 per
1806 618 1973 672 varios

254 715 639 772 Ecclesiasticae
679 714 962 785 jerarchiae
1004 711 1193 785 gradus
1236 712 1491 781 transivit,
1517 730 1574 766 ac
1618 711 1831 786 denique
1874 722 1977 766 tota

254 811 306 866 in
356 827 454 865 uno
505 806 755 864 Pontifice
804 808 1025 863 constitit
1067 818 1199 881 part.
1247 807 1299 862 1.
1345 804 1406 860 de
1448 824 1565 862 nov,
1609 817 1655 860 et
1698 818 1792 862 vet.
1836 804 1976 861 Eccl.

255 903 458 978 discipl.
487 902 579 960 lib.
609 900 651 958 Ι.
696 921 807 978 cap.
854 905 947 958 55.
992 920 1042 958 n.
1091 904 1184 958 15.
1228 900 1407 957 scribit
1446 900 1527 956 his
1572 899 1773 956 verbis:
1818 899 1982 954 Disci-

255 1012 368 1051 mus
420 994 539 1068 jam
597 1012 792 1067 supra,
854 993 1126 1048 simillima
1173 992 1296 1047 haec
1340 1009 1439 1047 esse
1484 992 1801 1067 fluminum)
1852 1009 1983 1063 quae

250 1099 365 1165 post
424 1089 639 1144 decursa
699 1088 933 1161 inqentia
988 1088 1157 1162 spatia
1213 1087 1272 1142 in
1330 1105 1473 1143 mare
1533 1086 1789 1154 redeunt,
1846 1085 1984 1140 unde

257 1184 549 1242 πέρκη..
595 1182 746 1240 Nihil
785 1183 951 1255 ἐρέτην
993 1182 1197 1237 accessit
1239 1182 1310 1237 ad
1348 1181 1674 1255 Pontificem,
1701 1199 1815 1235 cum
1851 1179 1985 1233 solus

260 1289 419 1334 totam
463 1297 575 1333 eam
609 1288 914 1351 potestatem
957 1295 1197 1332 exercere
1241 1276 1405 1349 coepit
1416 1296 1440 1347 ,-
1485 1287 1554 1331 est
1597 1293 1656 1330 ea
1690 1274 1912 1348 propria
1939 1284 1985 1329 et

257 1371 438 1427 nativa
478 1371 769 1438 PrimatuS,
798 1388 945 1441 quem
989 1371 1241 1443 Pontifex
1282 1370 1340 1424 in
1376 1369 1657 1424 Ecclesiam
1690 1370 1985 1424 universam

260 1466 324 1521 ab
365 1466 476 1539 ipso
526 1464 726 1521 Christo
767 1463 978 1536 accepit.
1022 1462 1348 1538 Quapropter
1383 1463 1519 1519 solus
1570 1464 1677 1534 ejus
1723 1464 1984 1537 potestatis

261 1580 379 1617 usus
405 1560 626 1632 delegari
667 1560 847 1634 potuit,
872 1560 943 1614 ita
986 1577 1184 1632 quoque
1228 1559 1473 1615 revocari.
1519 1556 1787 1614 Praeclare
1831 1557 1987 1614 Sche-

261 1656 515 1711 lestratius
558 1651 733 1727 Antiq.
777 1652 971 1709 EccleS.
1016 1664 1139 1709 tom.
1182 1650 1252 1709 ΙΙ.
1298 1652 1424 1708 diss.
1472 1657 1524 1709 6.
1554 1672 1666 1727 cap.
1695 1656 1747 1708 4.
1776 1664 1871 1708 art.
1903 1654 1984 1708 1.:

259 1748 411 1804 aliud
469 1759 537 1804 est
595 1765 715 1803 usus
766 1747 951 1821 juriS,
1011 1746 1163 1802 aliud
1215 1746 1308 1820 jus
1355 1747 1524 1820 ipsum
1568 1765 1668 1821 per
1725 1763 1774 1802 se
1825 1745 1987 1801 alicui

262 1854 561 1916 competens,

321 1967 511 2012 Praeter
545 1966 718 2011 citatos
752 1950 979 2011 Auctores
1012 1963 1117 2010 vide
1153 1964 1483 2011 Innocentium
1519 1964 1555 2011 I.
1596 1977 1669 2022 ep.
1708 1963 1787 2009 25.
1825 1961 1880 2008 ad
1904 1964 1996 2009 De-

257 2052 383 2093 cent.
421 2046 656 2104 Eugubin.
694 2058 742 2091 n.
783 2046 828 2090 2.
868 2046 990 2104 apud
1037 2047 1282 2093 Constant.
1336 2045 1523 2104 epistol.
1573 2047 1768 2091 Roman.
1819 2042 1992 2090 Pontis.

260 2126 350 2174 col.
389 2126 517 2181 8563
541 2127 707 2185 Argiro
731 2127 933 2185 discept.
973 2127 1088 2173 eccl.
1125 2127 1324 2185 discept.
1370 2126 1473 2183 11.,
1511 2125 1700 2173 Barruel
1737 2125 1817 2186 (du
1855 2127 1995 2183 pape,

262 2215 309 2256 et
344 2208 400 2254 de
437 2220 510 2255 ses
533 2208 681 2254 droits
717 2208 950 2268 religieux
982 2216 1096 2255 tom.
1122 2210 1180 2254 ΙΙ.
1206 2215 1326 2268 part.
1365 2208 1411 2253 4.
1450 2221 1553 2267 cap.
1590 2204 1690 2265 4.),
1714 2207 1994 2254 Febronium

260 2289 595 2336 Abbreviatum
630 2295 742 2334 tom.
783 2290 839 2334 ΙΙ.
878 2302 982 2348 cap.
1020 2290 1067 2335 4.
1106 2287 1148 2351 S.
1187 2290 1264 2346 9.,
1300 2288 1681 2337 Antifebronium
1707 2289 1994 2336 vindicatum

261 2377 383 2429 part.
422 2369 470 2415 3.
507 2370 696 2417 dissert.
736 2371 780 2416 7.
819 2382 921 2429 cap.
962 2371 1009 2416 2.
1049 2378 1094 2418 et
1130 2371 1178 2416 3.

1026 2514 1071 2591 5.
1119 2522 1210 2578 28.

685 2640 759 2688 DE
796 2641 935 2688 JURE
973 2641 1226 2688 CREANDl
1263 2641 1575 2689 EPISCOPOS

351 2787 408 2843 In
451 2791 629 2863 primis
673 2789 738 2845 ob
781 2790 951 2846 oculos
995 2789 1229 2846 habenda
1272 2801 1345 2845 est
1387 2789 1613 2845 definitio
1656 2787 1988 2845 Tridentinae

276 2879 469 2950 Synodi
512 2903 635 2940 sess,
668 2887 737 2941 23
766 2904 877 2959 cap.
917 2888 985 2940 8:
1034 2884 1091 2939 Si
1134 2884 1247 2956 quis
1290 2884 1513 2952 dixerit,
1558 2883 1854 2957 EpiscopOS,
1897 2883 1989 2955 qui
