2114 3289
410 126 454 201 §-
484 149 672 186 xxxtv.
705 148 764 184 DE
793 148 1179 186 RESERvArioNE
1206 146 1580 185 BENEFIGIORUM
1659 131 1768 184 135

132 255 203 310 ita
244 253 439 310 scribit:
501 254 581 305 Ea
624 268 751 322 quae
787 251 1006 323 provide
1059 252 1424 323 disponuntur,
1469 250 1852 322 fraternitatem

133 358 274 402 tuam
299 346 554 400 credi-mus
596 344 810 400 libenter
852 344 1107 417 amplecti.
1135 346 1201 398 Et
1244 345 1368 416 quia
1409 343 1691 399 Ecclesiam
1723 347 1854 401 San-

134 451 240 495 ctae
284 439 490 496 Mariae
550 439 808 510 quondam
851 457 1155 495 cAmrlsoms
1198 438 1255 493 in
1314 450 1404 493 tua
1447 437 1710 493 Parocltia
1759 455 1856 510 po-

132 533 284 588 sitam
326 533 663 605 Praesbytero
720 551 901 588 vacare
954 532 1298 604 coynovimu5‚
1353 544 1675 606 praesentem
1727 549 1855 605 por-

132 628 336 682 titorem
376 627 711 682 Dominicum
753 627 1148 699 Praesbyterum
1191 626 1248 680 in
1292 627 1468 682 eadem
1512 626 1763 694 Ecclesia,
1796 635 1855 681 ut

125 739 357 796 praeesse
400 721 597 789 debeat,
641 738 729 776 nos
770 722 892 776 scito
934 722 1215 793 deputasse.
1268 721 1493 793 Ideoque
1551 722 1852 794 fraternitas

121 826 212 870 tua
255 816 302 871 ei
345 817 685 871 emolumenta
746 815 977 890 ejusdem
1038 815 1292 870 Ecclesiae
1344 815 1505 889 facias
1565 815 1672 871 sine
1731 833 1854 870 cun-

123 910 343 965 ctatione
398 909 681 984 praestari,
727 920 772 965 et
832 910 1061 964 decimae
1120 910 1317 983 fructus
1375 910 1699 977 indictionis)
1761 909 1851 981 qui

115 1003 235 1078 jam
270 1005 500 1078 percepti
543 1014 681 1071 sunt,
706 1004 974 1078 praedicto
1015 1004 1130 1059 viro
1170 1005 1253 1077 fac
1278 1004 1403 1059 sine
1438 1022 1584 1059 mora
1625 1004 1850 1075 restitui,

122 1110 370 1170 quatenus
413 1098 642 1173 ejusdem
686 1099 941 1154 Ecclesiae
984 1098 1255 1167 utilitateS,
1308 1097 1459 1173 cujus
1511 1098 1854 1154 emolumenta

122 1194 469 1265 consequitur,
511 1198 622 1249 Deo
665 1192 975 1267 adjuvante,
1018 1192 1232 1248 sollicite
1273 1193 1441 1248 valeat
1474 1210 1783 1266 procurare.

202 1286 475 1344 Pontifices
521 1300 688 1343 autem
714 1288 942 1344 solebant
984 1288 1114 1343 hanc
1142 1286 1326 1359 agendi
1370 1288 1616 1343 rationem
1659 1299 1849 1342 tenere:

128 1383 293 1456 primo
337 1401 553 1455 namque
595 1381 787 1436 litteras
814 1383 886 1436 sic
913 1380 1074 1436 dictas
1118 1380 1422 1435 monitorias
1448 1380 1513 1435 ad
1541 1380 1849 1455 Episcopum

124 1476 332 1546 dabant,
377 1475 559 1550 quibus
587 1494 762 1551 nempe
805 1474 1086 1550 Episcopus
1131 1475 1448 1545 monebatur,
1474 1487 1526 1530 ut
1552 1475 1850 1530 beneficium

125 1589 307 1627 vacans
369 1583 503 1627 certo
565 1571 672 1626 viro
735 1570 1075 1625 ecclesiastico
1136 1570 1401 1626 conferret.
1447 1568 1504 1625 Si
1564 1569 1845 1644 Episcopus

124 1666 451 1720 monitionem
512 1685 603 1739 pro
664 1664 826 1720 nihilo
886 1664 1153 1734 duxisset,
1212 1664 1404 1719 litteras
1466 1663 1852 1738 praeceptorias

128 1759 476 1830 adhibebant3
518 1771 566 1814 et
607 1771 848 1833 quatenus
893 1758 1174 1832 Episcopus
1219 1777 1278 1814 ne
1320 1759 1599 1833 praeceptis
1643 1757 1850 1831 quidem

125 1873 301 1928 parere
346 1853 602 1923 voluisset,
645 1853 836 1908 litteras
882 1853 1206 1908 eoeecutorias
1249 1853 1532 1922 mittebant,
1576 1853 1844 1908 constituto

125 1968 303 2024 nempe
346 1949 646 2019 Executore‚
689 1952 775 2024 qui
808 1948 1073 2005 Pontificis
1115 1950 1255 2020 jussa
1299 1960 1642 2022 exequeretur.

210 2043 517 2115 Hujusmodi
561 2043 739 2098 litteris
785 2044 953 2099 affinia
997 2055 1139 2099 erant
1177 2043 1428 2098 mandata
1471 2042 1532 2097 de
1570 2042 1850 2116 providen-

127 2139 214 2205 cto,
270 2141 452 2213 quibus
506 2139 842 2194 mandabatur
895 2138 1170 2213 Episcopo)
1226 2139 1302 2194 vel
1346 2139 1433 2194 alii
1484 2137 1750 2209 collatori,
1798 2151 1847 2195 ut

125 2233 385 2314 designato
446 2231 643 2289 Clerico
703 2232 1002 2289 beneficium
1061 2233 1268 2307 aliquod
1324 2232 1588 2289 conferret.
1651 2232 1847 2289 Horum

124 2328 479 2383 mandatorum
526 2339 700 2383 auctor
741 2330 966 2385 extitisse
1010 2327 1303 2384 Hadrianus
1348 2327 1438 2385 IV.
1478 2327 1731 2401 aliquibus
1777 2329 1851 2383 vi-

123 2422 284 2478 detur.
334 2422 492 2477 Erant
546 2434 710 2478 autem
753 2423 850 2477 ista
903 2422 1142 2477 mandata
1196 2422 1414 2496 duplicis
1467 2422 1701 2493 generis3
1747 2422 1848 2477 alia

128 2519 259 2571 enim
304 2516 554 2571 dabantur
597 2536 688 2591 pro
749 2517 1026 2587 beneficiis,
1087 2535 1214 2590 quae
1273 2517 1379 2587 jam
1433 2527 1699 2571 vacarent:
1745 2516 1848 2572 alia

128 2630 242 2666 vero
270 2632 361 2685 pro
387 2611 644 2667 beneficiis
690 2612 972 2682 vacaturis-3
1026 2624 1174 2685 atque
1217 2612 1340 2667 haec
1384 2611 1663 2685 posteriora
1709 2630 1850 2666 man-

125 2704 241 2758 data
302 2708 453 2761 etiam
504 2707 704 2778 gratiae
756 2706 1101 2779 eoepectativae
1157 2706 1469 2761 dicebantur.
1524 2703 1626 2760 Sed
1676 2718 1848 2778 postea

130 2798 291 2852 visum
334 2812 406 2855 est
432 2799 765 2857 Pontificibus
810 2812 943 2855 certa
972 2800 1221 2873 quaedam
1265 2798 1506 2854 beneficia
1550 2798 1647 2854 sibi
1691 2818 1848 2854 reser-

127 2912 261 2962 vare,
307 2894 401 2948 hoc
445 2907 517 2949 est
560 2915 677 2951 suae
722 2896 979 2952 collationi
1033 2895 1288 2963 addicere,
1332 2894 1401 2949 ita
1445 2905 1494 2950 ut
1539 2894 1845 2967 reliquorum

124 2989 348 3044 omnium
392 2987 591 3044 collatio
635 2989 698 3044 ad
741 2988 1020 3063 Episcopus
1066 2990 1352 3062 pertineret.
