2114 3289
104 191 129 213 Ο

436 103 480 179 §-
508 126 602 162 xx.
638 125 698 160 DE
724 126 846 160 JURE
878 124 1160 161 mmmmm
1188 122 1610 160 conrnovsssssms
1724 106 1786 156 71

241 228 341 288 Sed
367 229 619 302 inquiunt,
645 225 1024 282 definitionibus
1067 225 1372 298 judiciisque
1397 222 1699 294 dogmaticis
1728 220 1877 278 Sum-

160 344 356 382 morum
400 322 706 378 Pontificum
751 320 1126 394 obsequendum
1169 339 1276 375 esse
1310 317 1622 391 ρνουὶεονὶε,
1647 334 1736 371 seu
1777 335 1880 370 non

158 416 558 490 doqmatizcmdo
617 415 960 481 contrarium,
1004 413 1256 486 quamdiu
1315 430 1420 467 non
1477 411 1725 467 reclamat
1784 411 1881 464 Ec-

159 514 334 581 clesia,
377 532 534 586 eoque
593 524 738 587 pacto
798 511 1094 580 schismata,
1137 522 1185 565 et
1243 510 1603 565 sententiarum
1664 506 1882 563 dissidia

158 610 425 666 removeri.
485 608 552 663 At
612 627 726 663 vero
786 607 828 662 si
891 604 954 661 ad
1016 606 1258 661 unitatem
1299 605 1352 659 in
1414 603 1512 658 fide
1574 601 1877 674 exigendam

158 722 283 777 opus
326 714 400 759 est
441 701 716 776 praesidio,
760 702 865 757 sive
906 700 1191 755 accessione
1253 715 1524 755 consensus
1586 697 1765 753 saltem
1807 708 1882 751 ta-

156 798 244 852 citi
304 793 580 866 Ecclesiae,
641 807 725 851 aut
782 792 1178 869 Episcoporum‚
1238 790 1499 847 Primatus
1563 791 1734 864 utique
1793 809 1882 846 nec

159 902 305 965 aptus
345 892 459 960 erit,
502 909 590 945 nec
634 888 844 945 idoneus
889 887 954 944 ad
1014 886 1141 943 illud
1202 885 1538 955 efficiendum,
1583 886 1724 956 cujus
1767 903 1884 956 gra-

158 987 229 1043 tia
271 988 526 1043 institutus
568 997 660 1043 est.
705 983 974 1041 Praeterea
1017 1002 1131 1038 cum
1174 983 1375 1038 nomine
1429 981 1708 1050 Ecclesiae,
1757 999 1886 1053 quae

159 1081 434 1136 reclamare
476 1092 656 1154 potest,
698 1079 994 1153 praesertim
1038 1075 1279 1152 Episcopi
1338 1075 1702 1146 intelligantur,
1759 1073 1886 1129 illud

160 1174 409 1248 reliquum
452 1185 545 1243 est,
588 1172 726 1247 quod
766 1172 1015 1244 judicium
1057 1169 1324 1226 Pontificis
1366 1169 1560 1240 judicio
1613 1167 1885 1242 peculiaris

166 1271 408 1344 cujusque
451 1268 692 1344 Episcopi
734 1268 927 1337 subsit3
970 1284 1084 1321 cum
1126 1284 1273 1320 nemo
1317 1264 1594 1319 reclamare
1634 1264 1744 1334 jure
1771 1282 1888 1337 pos-

160 1366 253 1434 sit,
294 1365 393 1419 nisi
436 1364 637 1433 cognita
680 1380 832 1416 causa
874 1359 1178 1431 judicaverit
1220 1357 1525 1413 Pontificem
1565 1357 1618 1412 in
1661 1376 1752 1412 sua
1804 1356 1891 1412 de-

162 1458 388 1514 finitione
447 1457 714 1512 erravisse.
759 1452 922 1525 Igitur
979 1472 1037 1508 ea
1098 1453 1341 1508 sententia
1403 1450 1639 1522 dignitati
1692 1462 1740 1506 et
1801 1451 1891 1507 fini

165 1549 424 1607 Primatus
468 1549 673 1605 omnino
736 1547 974 1604 detrahit.
1019 1543 1121 1603 Sed
1182 1546 1338 1602 officit
1396 1546 1548 1601 etiam
1601 1557 1707 1600 tum
1752 1544 1891 1615 fidei,

165 1659 272 1702 tum
316 1644 1020 1719 animarumtranquillitati„
1064 1654 1328 1717 propterea
1372 1641 1509 1715 quod
1553 1641 1718 1696 nullus
1762 1641 1891 1697 foret

163 1752 426 1816 promptus
470 1751 516 1795 et
558 1740 736 1796 efficax
794 1737 995 1807 modus9
1039 1756 1138 1810 quo
1199 1747 1457 1792 nascentes
1517 1735 1749 1790 haereses
1794 1747 1895 1790 sta-

174 1836 265 1890 tim
309 1835 732 1910 opprimerentur,
769 1851 887 1887 nam
931 1851 1040 1887 sero
1084 1830 1336 1886 medicina
1379 1841 1607 1904 paratur,
1634 1847 1747 1884 cum
1790 1848 1897 1884 ma-

164 1928 271 1984 lum
330 1928 568 1983 invaluit:
630 1945 812 2001 anceps
873 1937 920 1981 et
979 1926 1168 1980 incerta
1229 1934 1452 1979 maneret
1513 1922 1678 1993 fides,
1737 1941 1890 1996 quam

165 2019 419 2079 Catholici
464 2022 607 2096 sequi
651 2020 906 2090 deberent,
936 2018 1105 2093 quoad
1149 2016 1406 2073 Ecclesiae
1448 2016 1698 2088 judicium
1741 2036 1891 2092 expe-

165 2128 411 2172 ctaretur:
455 2116 594 2172 nulla
637 2114 852 2188 denique
895 2125 1024 2170 esset
1066 2124 1200 2169 certa
1251 2113 1332 2168 via
1382 2124 1429 2167 et
1490 2110 1745 2186 expedita,
1790 2130 1889 2185 qua

166 2208 422 2266 Ecclesiae
465 2228 736 2266 consensus
798 2208 1095 2279 investigari
1138 2218 1325 2281 posset,
1368 2205 1582 2280 ideoque
1626 2206 1755 2261 nihil
1809 2206 1894 2261 fir-

168 2325 308 2361 mum
350 2307 714 2378 immotumque
774 2302 1062 2373 haberetur,
1105 2304 1186 2359 cui
1246 2321 1479 2358 assensus
1542 2300 1662 2356 fidei
1704 2301 1891 2356 adhae-

168 2412 315 2457 reret.
378 2397 643 2468 Quamdiu
702 2400 837 2453 enim
897 2416 1168 2453 consensus
1228 2396 1484 2452 Ecclesiae
1555 2395 1896 2469 expectandus

167 2491 299 2552 erit?
344 2514 407 2550 an
452 2512 722 2550 consensus
784 2492 1009 2547 fidelium
1071 2492 1372 2567 postulatur,
1416 2509 1480 2545 an
1523 2488 1894 2563 Episcoporum

169 2585 399 2645 tantum?
456 2607 519 2644 an
580 2588 825 2656 omnium,
870 2605 932 2641 an
994 2581 1389 2660 plerorumque?
1434 2582 1555 2657 quid
1600 2584 1643 2638 si
1686 2583 1774 2655 qui
1819 2602 1895 2638 re-

171 2679 536 2740 clamaverint?
580 2684 693 2757 quis
735 2680 892 2753 judex
934 2683 1030 2736 erit
1070 2681 1124 2735 in
1174 2680 1518 2735 numeratione
1579 2678 1892 2732 consentien-

176 2779 300 2834 tium
342 2792 389 2834 et
430 2779 806 2847 dissidentium,
851 2788 903 2832 ut
945 2776 1062 2833 inde
1106 2787 1416 2850 compertum
1460 2774 1543 2842 sit,
1582 2791 1645 2826 an
1690 2791 1897 2827 consen-

173 2873 398 2929 tientium
426 2893 659 2930 numerus
704 2874 826 2929 satis
870 2874 935 2928 sit
978 2871 1227 2928 catholico
1271 2868 1498 2938 dogmati
1545 2864 1895 2923 stabiliendo?
