2114 3289
359 143 429 194 88
646 158 760 197 CAP.
789 158 841 196 11.
873 159 932 195 DE
961 158 1207 197 FONTIBUS
1231 160 1368 198 JURIS
1396 160 1636 199 CANONICI

345 262 573 338 Denique
617 264 914 320 dioecesana
960 261 1190 320 Concilia
1234 277 1366 335 sunt,
1411 284 1538 339 quae
1581 265 1646 320 ab
1690 283 1990 339 unoquoque

265 356 519 433 Episcopo
564 358 895 413 celebrantur.
941 355 1167 423 Quinam
1212 358 1277 412 ad
1312 359 1462 414 hasce
1489 358 1724 429 Synodos
1754 360 1990 429 vocandi,

267 471 516 525 quaenam
561 470 637 505 res
682 451 822 504 iniis
855 451 1177 520 tractandae9
1221 470 1469 524 quaenam
1511 452 1705 507 formae
1736 464 1782 507 et
1809 453 1991 508 solem-

267 547 445 601 nitates
507 543 845 613 adhibendae9
898 545 1056 599 multa
1099 546 1399 601 eruditionis
1442 557 1489 600 et
1531 546 1789 602 doctrinae
1842 549 1988 621 copia

267 640 485 714 explicat
527 637 829 693 Benedictus
873 637 1001 693 XIV
1043 640 1095 694 in
1139 658 1286 714 opere
1314 643 1390 693 De
1415 639 1625 712 Synoclo
1651 641 1985 696 Dioecessma.

346 731 740 789 Constitutiones
791 734 844 787 in
894 731 1102 803 Synotlo
1147 733 1446 789 dioecesana
1487 734 1619 789 latae
1662 736 1832 790 statim
1875 755 1990 809 pro-

267 826 592 898 mulgantur3
639 844 796 900 neque
823 828 957 882 enim
1001 847 1125 902 opus
1170 839 1262 896 est,
1308 839 1359 882 ut
1400 840 1512 882 ante
1555 847 1727 883 earum
1769 830 1991 902 promul-

266 921 519 991 gationem
564 940 593 975 a
636 919 846 977 Summo
890 919 1158 991 pontifice,
1195 923 1270 977 vel
1315 941 1341 976 a
1386 920 1545 977 Sacra
1588 920 1990 993 Congregatione

266 1012 481 1071 Concilii
543 1014 901 1089 approbentur.
964 1012 1153 1084 Contra
1214 1036 1329 1071 vero
1384 1014 1613 1071 Concilia
1656 1017 1989 1090 provincialia

266 1109 331 1166 ad
391 1110 620 1167 eamdem
681 1108 894 1166 Sacram
953 1108 1447 1182 Congregationem,
1500 1112 1574 1167 vel
1619 1112 1683 1166 ad
1727 1111 1992 1168 Summum

266 1204 566 1262 Pontificem
629 1207 794 1280 ipsum
856 1218 968 1261 ante
1028 1206 1486 1280 promulgationem
1546 1205 1789 1262 mittenda
1840 1219 1990 1275 sunt,

265 1300 404 1374 quod
448 1299 624 1355 Sixtus
667 1297 714 1354 V
757 1302 1033 1357 constituit.

241 1497 244 1501 ·
321 1487 373 1534 Si
415 1488 522 1545 quis
564 1487 802 1534 desiderat
850 1487 1090 1547 cognitam
1138 1488 1309 1534 habere
1358 1487 1604 1534 historiam
1653 1489 1992 1543 conciliorum,

257 1580 511 1627 eorumque
547 1568 753 1624 decreta,
791 1574 837 1615 et
872 1581 1096 1624 eanone5‚
1121 1569 1518 1615 videatCarolum
1549 1569 1749 1615 Rieliard
1787 1570 1834 1614 in
1873 1568 2002 1614 Ana-

261 1647 353 1709 lysi
387 1647 690 1695 Conciliorun
723 1648 1033 1709 qeneralium,
1071 1655 1114 1695 et
1151 1649 1543 1709 particularium,
1582 1657 1628 1696 et
1661 1651 1831 1708 Joseph
1861 1651 2002 1696 Biner

259 1730 309 1775 in
354 1726 598 1791 Apparatu
645 1729 930 1777 eruditionis
966 1728 1028 1776 ad
1055 1729 1492 1793 jurisprudentiam
1534 1730 1814 1793 praesertim
1861 1730 2002 1778 eccle'-

261 1808 520 1857 siasticam.

1037 1985 1081 2062 §-
1133 1995 1223 2046 38.

648 2163 720 2209 DE
767 2164 1174 2210 AUCTORITATE
1213 2164 1612 2210 CONCILIORUM

348 2336 576 2394 Concilia
620 2340 874 2410 generalia
920 2343 1217 2397 auctoritate
1261 2340 1457 2396 Summi
1502 2339 1766 2396 Pontificis
1810 2340 1992 2395 confir-

269 2444 401 2487 mata
462 2434 514 2487 in
576 2432 693 2487 fidei
755 2453 1053 2507 morumque
1103 2434 1480 2489 definitionibus
1523 2453 1692 2488 errare
1737 2453 1833 2488 non
1877 2453 1992 2505 pos-

268 2538 418 2595 sunt,
462 2528 531 2581 ita
576 2538 627 2581 ut
669 2528 950 2582 haereticus
996 2528 1259 2582 habendus
1304 2529 1402 2596 sit,
1447 2529 1533 2599 qui
1576 2527 1825 2606 ejusmotli
1869 2527 1992 2580 defi-

269 2621 543 2675 nitionibus
606 2639 705 2675 non
760 2622 1099 2689 assentiatur,
1146 2621 1221 2675 vel
1264 2623 1415 2675 etiam
1459 2621 1520 2675 de
1564 2622 1626 2674 iis
1669 2622 1990 2694 pertinaciter

267 2712 475 2770 dubitet.
538 2713 796 2770 Judicium
847 2716 980 2768 enim
1024 2713 1429 2788 Episcoporum‚
1473 2716 1558 2786 qui
1601 2733 1713 2769 cum
1757 2712 1989 2768 Romano

265 2805 510 2862 Pontifice
554 2809 887 2877 consentiunt,
916 2808 1162 2878 judicium
1207 2806 1462 2862 Ecclesiae
1504 2820 1596 2876 est,
1625 2826 1752 2879 quae
1792 2809 1841 2861 in
1872 2807 1987 2862 fidei

267 2918 560 2974 morumque
603 2902 832 2957 doctrina
875 2902 998 2957 nulli
1041 2902 1189 2975 plane
1232 2903 1391 2957 errori
1422 2901 1642 2958 obnoxia
1670 2920 1776 2957 esse
1804 2913 1982 2974 potest.
