2114 3289
321 145 366 219 §-
397 167 429 202 1.
462 167 519 201 DE
550 165 748 200 EGCLES.
781 164 954 199 AmnN.
988 165 1151 198 PETRO
1181 164 1239 197 ET
1268 163 1349 197 ΑΡ.
1380 161 1595 196 ΤΗΑΒΙΤΑ
1681 146 1744 195 15

95 270 274 326 lorum,
312 268 393 331 qui
428 281 490 314 eoe
526 264 672 328 officio
709 265 770 310 ad
805 266 1172 312 communionem
1210 280 1313 311 cum
1348 267 1517 321 Petro,
1556 270 1607 309 ut
1644 264 1837 324 Capite.

94 347 461 397 conservandam
496 346 773 394 tenebantur
784 363 803 403 ,·
841 346 912 394 vel
943 346 1084 393 etiam
1105 346 1291 393 ratione
1316 343 1477 392 habita
1502 343 1839 391 Ecclesiarum.

94 446 208 494 quas
240 444 321 491 per
350 427 626 490 provincias
662 428 757 489 ipsi
791 427 1125 486 instituebant,
1163 442 1216 474 ca
1252 426 1365 487 leye,
1402 433 1454 473 ut
1491 427 1683 473 Petrum
1719 433 1842 471 tam-

93 527 230 574 quam
261 509 493 557 Ecclesiae
517 511 665 571 Caput
689 509 995 571 respicerent,
1021 509 1209 570 ejusque
1232 507 1455 569 reqimini
1479 507 1841 569 subjicerentur.

89 592 300 649 Isthaec,
350 606 486 653 (ptam
537 590 811 647 observavi,
856 589 1108 636 necessitas
1143 589 1297 637 verbis
1333 588 1509 636 Christi
1539 587 1841 650 praescripta

92 681 173 720 est.
215 673 429 729 Etenim,
467 678 518 717 ut
556 672 787 718 Ecclesiae
825 671 1054 718 unitatem
1090 669 1342 727 solidaret,
1382 685 1464 716 um
1504 669 1654 716 clai-es
1690 667 1846 715 tradi-

93 754 191 812 dit,
228 761 279 800 ut
315 752 476 800 docent
512 760 684 800 veteres
719 752 935 813 superius
973 750 1158 798 laudati
1173 768 1192 807 ,·
1231 759 1272 798 et
1310 766 1446 812 super
1483 752 1675 797 Petrum
1711 748 1845 796 aedi-

91 833 299 897 ficandae
350 834 580 880 Ecclesiae
623 840 808 895 petram
858 832 1068 890 dictum,
1121 834 1266 879 totius
1316 831 1525 894 aedificii
1582 845 1843 893 compaqem

99 916 338 977 imposuit.
390 916 545 971 Quare
596 915 754 961 nullus
802 921 954 961 coetus
998 922 1186 975 poterat
1238 929 1329 960 esse
1378 913 1648 974 leqitimus,
1685 912 1844 959 nullus

96 995 331 1044 Ecclesiae
370 998 539 1043 Pastor
573 995 785 1054 admitti,
822 996 904 1058 qui
938 1012 966 1041 a
1004 997 1165 1053 Petro,
1202 994 1254 1041 id
1289 1002 1376 1053 est,
1410 995 1466 1041 ab
1502 995 1604 1056 ejus
1643 1008 1847 1040 commu-

99 1078 238 1126 nione
274 1077 543 1125 discederet.
581 1077 906 1124 Constantiam
941 1075 1051 1139 fidei
1086 1075 1319 1123 Ecclesiae
1354 1074 1540 1138 quidem
1576 1091 1686 1122 suae
1710 1074 1848 1122 Chri-

97 1165 195 1206 stus
245 1159 437 1206 solemni
488 1159 694 1219 formula
724 1158 1009 1220 pollicetur,
1048 1156 1160 1204 adeo
1197 1165 1249 1203 ut
1284 1156 1548 1218 inferorum
1584 1157 1711 1203 vires
1748 1171 1846 1203 eam

99 1255 370 1303 eoepuqnare
406 1256 500 1287 non
529 1240 748 1302 possint,
786 1239 863 1286 sed
898 1238 976 1285 illi
1012 1238 1245 1285 Ecclesiae
1282 1237 1364 1284 hoc
1394 1237 1702 1299 privileqium
1743 1252 1850 1299 spo-

97 1321 297 1384 pondit,
349 1336 464 1383 quae
512 1319 763 1382 aedificata
806 1327 920 1365 esset
964 1332 1102 1379 super
1135 1325 1349 1379 petram,
1389 1332 1503 1379 quae
1540 1317 1848 1378 fundamento

96 1402 179 1449 illo
215 1402 447 1449 niteretur
465 1434 609 1445 .....

162 1481 401 1530 Secundus
449 1480 612 1528 modus
665 1480 844 1528 colendi
897 1481 1140 1527 Primatus
1184 1481 1226 1527 is
1264 1486 1399 1536 erat,
1436 1487 1487 1527 ut
1524 1495 1690 1528 causas
1726 1495 1853 1527 com-

98 1578 256 1610 munes
292 1562 352 1608 ad
387 1561 674 1609 universalis
709 1562 943 1609 Ecclesiae
980 1561 1286 1624 disciplinam
1316 1562 1608 1623 pertinentes
1638 1561 1850 1624 Apostoli

98 1644 159 1691 ad
182 1660 304 1703 eum,
331 1651 568 1707 tamquam
602 1643 662 1690 ad
697 1643 889 1704 Colleqii
925 1652 966 1690 et
1004 1643 1236 1691 Ecclesiae
1275 1643 1566 1705 Principem,
1589 1642 1852 1691 discutien-

97 1727 180 1774 das
229 1727 477 1789 referrent.
532 1726 664 1783 Quod
713 1726 892 1788 factum
927 1743 954 1773 a
991 1726 1140 1773 Paulo
1184 1727 1237 1772 in
1274 1727 1543 1789 quaestione
1580 1725 1633 1773 de
1668 1726 1852 1773 rituum

90 1807 397 1870 judaicorum
433 1823 520 1855 usu
556 1823 585 1854 a
617 1808 870 1869 qentilibus
906 1808 966 1854 ad
1002 1807 1137 1870 fidem
1172 1807 1408 1854 coni-ersis
1443 1806 1705 1854 retinendo.

166 1893 231 1937 De
282 1891 485 1937 Primam
525 1891 571 1937 S.
612 1892 733 1936 Petri
788 1898 935 1950 agunt
986 1890 1297 1937 Bellarminus
1346 1890 1402 1936 de
1446 1891 1577 1935 Rom.
1627 1889 1850 1934 Pontifice

101 1973 182 2019 lib.
231 1975 245 2017 1
299 1985 399 2031 cap.
452 1973 510 2018 12
564 1980 607 2018 et
660 1973 752 2028 13,
802 1972 1093 2020 Mamachius
1143 1973 1263 2030 orig.
1318 1979 1362 2017 et
1412 1972 1632 2030 antiquit.
1686 1971 1847 2017 christ.

101 2054 181 2099 lib.
222 2055 248 2098 4
287 2066 382 2112 par.
423 2055 452 2098 2
489 2066 592 2113 cap.
639 2056 657 2099 1
701 2052 739 2114 ς.
780 2054 827 2108 4,
864 2054 1149 2100 Ballerinius
1185 2053 1241 2099 de
1281 2055 1325 2097 vi
1364 2060 1409 2099 et
1445 2053 1631 2099 ratione
1673 2052 1851 2098 Prima-

103 2142 176 2181 ωε
213 2137 341 2181 Rom.
381 2137 512 2180 Pont.
551 2148 652 2194 cap.
690 2136 719 2180 9
756 2148 884 2181 num.
924 2138 971 2189 5,
1012 2142 1056 2181 et
1094 2134 1320 2193 Theologi
1357 2135 1547 2192 passim.

904 2294 950 2370 g,
1001 2302 1051 2353 ρ.

296 2448 369 2493 DE
410 2448 743 2494 POTESTATE
785 2449 968 2495 EIDEM
1004 2450 1190 2494 PETRO
1227 2450 1300 2493 ET
1338 2447 1654 2493 APOSTOLIS

822 2559 1122 2607 CONCESSA

190 2720 479 2777 Videndum
544 2722 694 2777 modo
756 2735 829 2778 est
879 2723 1043 2795 qualis
1096 2735 1380 2795 quantaque
1424 2732 1642 2793 potestas
1687 2717 1840 2774 Petro

111 2827 158 2867 et
203 2812 458 2887 Apostolis
504 2817 688 2871 tributa
736 2817 882 2872 fuerit
928 2817 991 2872 ad
1036 2816 1317 2873 Ecclesiam
1358 2814 1838 2871 administrandam.

112 2907 313 2963 Tritum
340 2922 411 2964 est
456 2930 683 2967 sermone
730 2912 996 2980 adagium:
1044 2912 1133 2981 qui
1180 2910 1281 2962 vul!
1324 2909 1474 2980 finem
1517 2908 1618 2961 vult
1649 2909 1838 2964 media.
