2114 3289
617 124 660 198 S.
706 146 856 182 xxxi.
904 145 964 180 DE
1008 145 1146 181 vmo
1190 141 1394 178 fomute
1722 124 1790 173 75

154 252 463 320 decreverit,
506 249 882 322 supplicemque
927 246 1189 315 libellum„
1233 264 1320 298 seu
1363 242 1492 296 alias
1538 240 1874 312 archetypum.

155 348 450 402 litterarum-
502 343 900 417 apostolicarum
947 342 1212 412 eaeemplar
1277 359 1369 393 sua
1428 337 1534 410 ipse
1595 355 1751 389 manu
1808 334 1875 386 si-

152 441 416 513 qnavcr‘e't,
471 438 642 512 juxta
701 436 1049 510 definitionem
1109 435 1299 488 editam
1359 453 1391 487 α
1447 434 1498 488 S.
1558 430 1651 483 Pio
1705 435 1875 500 Vper

153 534 447 590 schedulam
490 533 569 586 sui
612 542 775 585 motus
811 530 1017 602 proprii
1058 530 1275 583 relatam
1321 548 1353 582 (ι
1396 525 1589 581 Gnrcz'a
1633 525 1694 577 (le
1735 524 1877 577 bene-

153 627 281 702 ficiis
315 637 461 699 part.
509 631 542 681 4
585 645 697 698 cap.
748 629 778 679 5
826 644 967 680 num.
1015 627 1088 678 32
1134 634 1176 676 et
1224 627 1315 677 33.

926 794 970 871 §-
1020 801 1111 854 32.

283 939 355 984 DE
393 937 766 984 EXECUTIONE
806 937 878 981 ET
914 934 1275 981 CESSATIONE
1315 931 1758 979 RESCRIPTORUM

237 1099 505 1177 Rescripta
565 1101 887 1176 Apostolicae
951 1099 1097 1156 Sedis
1143 1098 1343 1154 nonnisi
1390 1098 1510 1152 viris
1556 1098 1605 1150 in
1649 1096 1885 1150 ecclesia-

161 1197 286 1250 stica
338 1196 582 1266 dignitate
632 1198 953 1265 constitutis,
1000 1195 1074 1250 vel
1120 1191 1390 1248 Canonicis
1434 1191 1758 1244 ecclesiarum
1803 1208 1886 1242 ca-

162 1289 467 1345 thedralium
521 1291 811 1364 exequenda
872 1289 1118 1344 committi
1180 1287 1357 1342 solent.
1421 1284 1706 1356 Antequam
1768 1302 1884 1337 vero

161 1395 398 1439 executor
457 1403 563 1439 rem
623 1386 947 1440 commissam
1009 1382 1074 1436 ad
1125 1382 1315 1435 exitum
1366 1378 1618 1446 deducat,
1663 1377 1886 1449 inquirat

161 1489 355 1550 oportet
398 1498 515 1533 num
560 1498 730 1553 preces
775 1479 981 1533 veritate
1024 1478 1264 1531 nitantur.
1312 1472 1661 1541 Quamobrem
1706 1471 1885 1525 rescri-

161 1581 300 1644 ptum
343 1574 522 1645 exequi
566 1593 665 1629 non
708 1572 872 1642 debet,
901 1574 943 1628 si
972 1572 1336 1644 obreptionem,
1366 1580 1449 1623 aut
1487 1567 1882 1640 subreptionem,

165 1675 249 1718 aut
292 1665 432 1721 aliud
476 1669 524 1722 in
570 1687 626 1723 eo
673 1669 850 1722 vitium
893 1665 1209 1739 compererit.

241 1759 483 1818 Pluribus
530 1784 644 1820 vero
688 1763 853 1818 modis
900 1764 1142 1835 rescripta
1185 1771 1398 1815 cessant.

247 1854 328 1911 1.O
372 1855 642 1932 Rescripta
695 1859 917 1928 justitiae
961 1854 1279 1911 concedentis
1327 1865 1483 1908 morte
1525 1854 1797 1926 expirant,
1842 1851 1885 1905 si

165 1968 254 2004 res·
292 1951 456 2006 adhuc
501 1955 697 2024 integra
741 1955 833 2022 sit,
880 1971 956 2006 res
1002 1962 1165 2005 autem
1210 1949 1425 2023 perlitis
1453 1949 1884 2014 contestationem,

166 2056 251 2099 aut
294 2047 470 2101 saltem
514 2067 600 2121 per
662 2049 951 2102 citationem
1012 2047 1205 2115 integra
1267 2063 1373 2098 esse
1434 2042 1634 2097 desinit.
1696 2040 1888 2095 Verum

163 2142 406 2214 rescripta
467 2144 695 2213 gratiae,
758 2142 956 2196 etiamsi
1000 2160 1078 2195 res
1123 2139 1288 2193 adhuc
1333 2138 1483 2192 fuerit
1525 2139 1757 2207 integra,
1800 2154 1890 2209 per

164 2233 358 2289 obitum
419 2236 735 2291 concedentis
799 2255 898 2291 non
960 2236 1194 2309 expirant
1255 2229 1333 2303 (c.
1383 2234 1452 2286 16
1500 2232 1561 2286 de
1606 2234 1671 2288 R.
1716 2233 1798 2300 J.,
1842 2241 1888 2284 et

164 2348 207 2384 c.
256 2334 286 2384 9
334 2329 394 2384 de
438 2329 576 2402 Offic.
623 2331 794 2402 Deleq.
841 2332 891 2385 in
938 2327 1028 2401 6).

248 2422 330 2480 2⁰
391 2423 659 2500 Rescripta
722 2437 918 2480 cessant
977 2424 1122 2499 lapsu
1186 2424 1424 2497 temporis
1487 2421 1758 2496 praefiniti.
1830 2417 1887 2472 In

165 2522 449 2595 rescrisptis
491 2521 713 2591 justitiae
759 2521 1001 2575 terminus
1046 2519 1110 2574 ad
1157 2518 1430 2572 finiendam
1475 2535 1699 2580 causam,
1755 2516 1797 2568 si
1840 2516 1890 2567 in

169 2617 410 2689 rescripto
473 2616 768 2689 praefinitus
830 2634 928 2670 non
994 2616 1095 2683 sit,
1155 2614 1341 2684 judicis
1403 2612 1616 2680 delegati
1680 2609 1891 2663 arbitrio

168 2709 426 2780 praefiniri
470 2712 668 2784 poterit.
716 2708 772 2765 Si
819 2729 933 2765 vero
996 2708 1102 2763 dies
1163 2708 1427 2782 praefinita
1488 2706 1576 2773 sit,
1639 2704 1894 2773 delegatus

170 2806 302 2860 intra
345 2825 455 2860 eam
499 2806 633 2862 diem
677 2825 879 2862 munere
932 2824 1021 2861 suo
1084 2805 1225 2876 fungi
1286 2803 1450 2870 debet,
1502 2820 1559 2855 ne
1610 2799 1895 2870 jurisdictio

173 2900 271 2956 sibi
317 2905 585 2958 commissa
629 2915 891 2959 evanescat
937 2898 1016 2972 (c.
1066 2905 1139 2955 24
1183 2901 1243 2956 de
1287 2897 1387 2973 Off.
1451 2897 1605 2952 Judie
1667 2894 1893 2968 Belem
