2114 3289
337 149 448 201 134
493 166 585 202 Lm,
607 166 657 202 ιιι
683 165 727 201 ο.
756 165 788 200 1.
820 164 878 200 ne
906 164 954 199 R.
981 165 1242 201 Pouriricss
1270 165 1440 209 muso.
1473 165 1809 205 ADJUTORIBUS

244 265 405 312 bronio
459 264 697 312 vindicato
747 271 868 323 paru
921 265 1000 309 111.
1051 267 1247 311 Dissert.
1298 267 1396 312 VII.
1449 279 1550 326 cap.
1601 269 1650 324 4,
1700 275 1746 315 et
1802 269 1973 328 passim

243 348 505 407 Theologos
542 347 589 392 in
626 346 845 391 Tractatu
883 345 939 391 de
976 345 1280 391 Sacramento
1317 348 1660 396 Poenitentiae.

1018 518 1065 593 §-
1114 525 1206 579 34.

593 656 666 702 DE
705 655 1151 703 RESERVATIONE
1191 656 1624 704 BENEFICIORUM

333 831 601 887 Generalis
652 833 834 905 requla
893 843 982 903 est,
1024 834 1189 907 inquit
1249 831 1508 904 Zallinger
1547 833 1639 891 lib.
1685 833 1759 889 III
1802 835 1879 892 tit.
1922 834 1968 890 V

253 930 315 985 de
374 928 660 986 Praebend.
721 942 768 985 et
825 929 1042 1001 Dignit.9
1088 930 1397 1002 Episcopum
1455 930 1513 984 in
1588 948 1681 984 sua
1739 931 1970 987 Dioecesi

249 1024 426 1078 omnia
483 1024 712 1096 conferre
755 1024 1015 1098 Beneficia
1048 1025 1234 1079 ¹saltem
1276 1043 1379 1078 non
1439 1023 1767 1096 colleqialia,
1812 1044 1967 1097 eoque

244 1118 373 1193 jure
397 1118 599 1173 tamdiu
640 1118 830 1187 utitur,
858 1119 1016 1173 donec
1057 1119 1192 1173 alius
1228 1118 1320 1192 jus
1361 1118 1457 1174 sibi
1500 1130 1778 1192 competens
1811 1131 1971 1174 osten-

253 1213 342 1267 dat
352 1233 375 1283 ,·
437 1224 585 1283 atque
642 1212 733 1266 hoc
792 1224 882 1280 est,
927 1213 1064 1284 quod
1122 1217 1365 1268 Doctores
1424 1212 1600 1287 ajunt,
1661 1214 1968 1286 Episcopum

245 1324 346 1380 pro
399 1307 718 1379 conferendis
776 1307 1047 1381 Beneficiis
1088 1307 1272 1362 habere
1315 1307 1649 1362 intentionem
1699 1307 1970 1381 fundatam

252 1401 310 1455 in
346 1400 495 1474 jure,
540 1420 649 1475 cap.
699 1403 723 1454 1
784 1400 844 1456 de
906 1398 1133 1475 Cappell.
1194 1400 1457 1472 Monach.,
1519 1399 1793 1458 Gratianus
1853 1421 1965 1458 can.

253 1498 439 1550 Omnes
483 1497 553 1548 10
562 1538 656 1552 .....
701 1494 804 1550 Sed
845 1494 1062 1548 intentio
1103 1495 1323 1567 fandata
1362 1495 1420 1549 in
1457 1495 1606 1569 jure,
1650 1513 1804 1567 quam
1845 1495 1971 1568 Epi-

252 1589 389 1661 scopi
429 1589 613 1642 liabent
664 1607 764 1661 pro
824 1588 1144 1661 conferendis
1202 1589 1454 1663 beneficiis
1511 1607 1630 1644 suae
1688 1589 1966 1656 DioecesiS,

253 1693 472 1755 spectato
513 1682 622 1754 ipso
658 1681 808 1755 jure,
851 1682 980 1736 idest
1021 1683 1184 1737 verbis
1233 1693 1278 1737 et
1336 1694 1500 1738 mente
1542 1687 1636 1739 SS.
1683 1686 1970 1750 Conovium,

252 1776 465 1831 minime
509 1776 641 1830 obest
677 1775 799 1849 juri
843 1787 889 1830 et
923 1778 1162 1849 potestati
1206 1779 1324 1833 RR.
1371 1777 1679 1851 Pontificum
1730 1777 1971 1851 beneficia

252 1870 572 1943 conferendi,
634 1890 744 1944 cap.
803 1874 835 1924 2
879 1871 940 1926 de
983 1870 1267 1928 Praebend.
1322 1883 1369 1926 et
1426 1870 1621 1944 Dignit.
1664 1872 1715 1926 in
1761 1875 1815 1941 6,
1859 1869 1970 1927 Cle-

253 1978 404 2022 ment.
454 1968 478 2019 1
530 1979 582 2021 ut
623 1967 708 2021 lite
752 1967 962 2040 penden.
1009 1967 1096 2024 nil.
1142 1968 1312 2024 innov.

333 2059 450 2127 Quo
493 2060 696 2132 quidem
738 2061 848 2130 jure
908 2061 1195 2117 conferendi
1249 2062 1463 2117 aliarum
1508 2061 1825 2117 Dioecesium
1885 2060 1971 2115 be-

255 2153 433 2208 neficia
477 2152 673 2208 Summi
716 2152 991 2210 Pontifices
1037 2156 1112 2210 usi
1156 2167 1289 2224 sunt,
1333 2157 1383 2210 in
1427 2157 1705 2230 primisque
1749 2153 1803 2211 S.
1845 2152 1970 2210 Gre-

255 2249 426 2318 gorius
470 2245 567 2315 M.,
612 2267 758 2320 quem
820 2250 1067 2322 suspicari
1110 2267 1209 2305 non
1251 2250 1365 2305 licet
1422 2251 1503 2320 jus
1547 2250 1765 2304 alienum
1827 2250 1969 2304 inva-

256 2341 372 2396 dere
418 2341 664 2410 voluisse;
708 2341 794 2395 sed
837 2361 948 2396 cum
992 2354 1119 2397 esset
1162 2345 1481 2416 antiquarum
1526 2343 1813 2414 regularum
1867 2354 1968 2397 stu-

256 2435 612 2503 diosissimus‚
672 2434 725 2488 id
782 2435 1004 2508 profecto
1065 2439 1193 2507 egit,
1255 2437 1389 2510 quod
1452 2436 1516 2491 ab
1577 2435 1864 2492 Innocentio
1925 2433 1967 2504 Ι,

255 2527 422 2584 Leone
464 2526 560 2596 Μ.,
597 2528 810 2601 aliisque
853 2527 1188 2585 Pontificibus
1233 2543 1397 2587 actum
1441 2529 1595 2586 fuisse
1638 2542 1964 2603 compererat.

256 2622 514 2679 Plurimas
569 2622 623 2678 S.
670 2621 906 2694 Gregorii
966 2623 1040 2680 M.
1085 2627 1344 2698 epistolas,
1389 2626 1570 2699 quibus
1613 2644 1669 2679 ea
1714 2643 1791 2679 res
1835 2644 1970 2679 com-

255 2717 463 2791 probari
507 2728 687 2790 potest,
729 2716 1098 2773 Thomassinus
1161 2721 1410 2789 congessit
1453 2740 1502 2793 p.
1549 2717 1598 2773 ΙΙ
1639 2718 1730 2774 lib.
1780 2721 1803 2770 1
1855 2738 1966 2792 cap.

260 2813 352 2867 41.
386 2809 466 2865 Ex
509 2811 570 2865 iis
615 2830 730 2867 vero
775 2830 924 2866 unam
958 2814 1078 2867 satis
1123 2813 1186 2866 sit
1229 2813 1279 2866 in
1325 2813 1544 2869 medium
1580 2812 1804 2887 proferre
1848 2812 1968 2868 libri

258 2907 387 2960 tertii
431 2905 695 2978 epistolam
742 2907 833 2975 14,
888 2907 936 2961 in
998 2924 1095 2980 qua
1154 2906 1217 2962 ad
1262 2905 1567 2981 Episcopum
1620 2905 1966 2982 Importunum
