2114 3289
356 144 400 210 ᾗ.
446 168 539 204 ΧΧ.
589 167 646 202 nE
690 166 781 201 USU
829 165 889 199 ET
938 165 1153 201 AUCTOR.
1200 163 1545 199 TRADITIONUM
1721 150 1792 200 39

223 270 265 328 Ι.
314 269 552 325 Traditio
595 267 777 322 divina
820 278 910 334 est,
955 267 997 321 si
1043 267 1156 341 ejus
1198 266 1418 321 materia
1459 266 1530 320 ad
1566 266 1723 340 fidem
1760 283 1877 338 per-

143 365 322 434 tineat,
365 363 489 435 quia
525 363 652 436 fides
695 361 858 416 solum
901 365 1069 416 Deum
1112 372 1371 415 auctorem
1415 360 1579 416 habet.

226 458 293 515 ΙΙ.
346 458 552 512 Pariter
578 455 795 511 traditio
822 456 1004 510 divina
1032 466 1121 522 est,
1149 457 1191 509 si
1219 455 1281 509 sit
1308 473 1486 509 earum
1523 472 1698 508 rerum
1701 496 1721 521 ,
1749 471 1877 526 quae

143 553 422 607 humanam
461 560 759 623 potestatem
801 560 1066 622 superant,
1111 549 1278 621 qualis
1323 568 1408 605 ean
1438 567 1517 620 qr.
1546 560 1613 603 est
1655 548 1879 603 materia

144 658 191 701 et
231 647 402 719 forma
443 649 918 712 Sacramentorum,
963 644 1086 715 quia
1128 647 1463 700 Sacramenta
1513 662 1545 697 a
1605 643 1708 697 solo
1770 647 1878 697 Deo

143 741 347 795 institui
383 751 681 812 potuerunt.

223 834 318 890 III.
363 837 449 889 Sic
493 834 647 889 etiam
690 834 907 889 traditio
967 833 1149 887 divina
1210 844 1299 900 est,
1345 833 1387 887 si
1431 833 1568 903 quod
1613 831 1874 905 praecipit

143 940 233 983 aut
273 929 471 995 statuit,
532 929 591 983 id
652 928 1013 983 consentientes
1073 928 1209 982 inter
1270 945 1317 981 se
1384 930 1559 981 Patres
1615 939 1875 997 tamquam

143 1034 375 1078 oretenus
418 1042 450 1076 a
494 1023 690 1078 Christo
751 1023 828 1076 cel
887 1042 919 1076 a
962 1022 1165 1095 Spiritu
1209 1026 1396 1078 Sancto
1432 1022 1704 1088 dictatum,
1738 1025 1873 1093 Apo-

145 1118 291 1171 stolos
333 1118 609 1172 tradidisse
662 1127 929 1184 testentur,
991 1128 1080 1171 aut
1140 1117 1198 1170 id
1255 1117 1539 1188 qeneratim
1601 1116 1876 1188 affirment,

142 1214 211 1266 ad
246 1224 576 1285 praeceptum
621 1213 881 1278 divinum,
931 1211 1032 1265 sive
1075 1212 1145 1265 ad
1205 1211 1439 1264 divinam
1500 1210 1876 1264 institutionem

134 1305 420 1376 pertinere:
464 1304 882 1375 quandoquidem
925 1306 1018 1359 SS.
1066 1305 1247 1357 Patres
1296 1313 1411 1356 sunt
1471 1302 1692 1373 leqitimi
1735 1312 1877 1356 testes

142 1399 440 1453 divinarum
483 1398 846 1453 traditionum.

226 1491 315 1549 IV.
378 1492 651 1563 Quidquid
711 1492 930 1563 denique
985 1491 1214 1546 Ecclesia
1288 1502 1549 1563 tamquam
1627 1491 1879 1545 divinitus

140 1587 393 1641 traditum
437 1589 665 1642 observat
707 1598 796 1641 aut
857 1587 1021 1653 docet,
1085 1605 1173 1641 nec
1233 1587 1290 1640 in
1349 1590 1403 1642 S.
1465 1586 1650 1641 litteris
1712 1597 1878 1653 extat,

140 1683 352 1737 minime
398 1682 742 1736 dubitandum
787 1692 877 1748 est³
922 1681 1048 1754 quin
1090 1681 1155 1736 sit
1198 1680 1407 1735 divinae
1451 1681 1729 1735 traditioni
1782 1681 1878 1735 tri-

138 1777 419 1831 buendum:
462 1794 622 1848 neque
665 1777 801 1831 enim
845 1776 1071 1831 Ecclesia
1117 1776 1377 1831 Catltolica
1420 1776 1551 1830 hisce
1613 1776 1670 1830 in
1730 1777 1879 1831 rebus

143 1889 320 1925 errare
357 1881 540 1943 potest.

219 1963 284 2020 At
327 1986 442 2021 vero
486 1966 780 2021 traditiones
825 1964 1027 2021 divinae
1071 1985 1169 2021 non
1223 1985 1364 2021 secus
1426 1986 1483 2021 ac
1547 1968 1713 2039 ipsum
1776 1964 1871 2020 Dei

140 2061 345 2115 verbum
372 2061 613 2134 scriptum
657 2060 1006 2134 suscipiendae
1040 2073 1170 2115 sunt:
1201 2062 1310 2134 ipsa
1337 2061 1591 2133 siquidem
1620 2060 1864 2115 naturalis

137 2156 264 2209 ratio
307 2154 591 2228 persuadet,
635 2154 740 2209 Deo
783 2154 1088 2208 credendum
1144 2155 1520 2228 parendumque
1580 2174 1707 2223 esse9
1752 2156 1859 2210 sive

137 2250 243 2320 ejus
287 2248 494 2302 verbum
548 2267 636 2321 per
694 2248 955 2317 schedam,
1018 2250 1122 2304 sive
1181 2268 1269 2322 per
1333 2251 1500 2303 vivam
1563 2250 1865 2304 internuncii

140 2362 308 2398 vocem
352 2343 716 2417 promulgetur,
760 2363 873 2397 cum
924 2345 1052 2398 ratio
1106 2344 1343 2399 credendi
1405 2357 1551 2416 atque
1615 2343 1867 2416 obtempe-

139 2438 286 2492 randi
332 2458 428 2492 non
474 2439 537 2493 sit
578 2437 770 2506 littera,
823 2438 909 2493 sed
971 2438 1249 2492 auctoritas
1308 2439 1578 2511 loqueum,
1644 2438 1868 2509 nihilque

137 2534 351 2601 intersit,
398 2545 562 2587 utrum
591 2534 799 2606 scriptO,
828 2553 890 2587 an
923 2536 1033 2588 viva
1082 2553 1197 2588 voce
1244 2533 1472 2589 voluntas
1522 2532 1613 2587 Dei
1658 2534 1868 2601 sciatur,

137 2627 409 2682 dummodo
454 2640 586 2683 certo
649 2631 853 2684 sciatur.
918 2626 1091 2700 Itaque
1154 2628 1451 2683 traditiones
1514 2627 1715 2681 divinae
1776 2628 1869 2681 inl-

137 2722 400 2776 mutabiles
445 2725 648 2778 omnino
692 2735 824 2791 sunt,
869 2723 1091 2796 nullique
1135 2724 1369 2797 potestati
1415 2722 1663 2775 humanae
1708 2721 1866 2776 obno-

138 2817 268 2871 xiae.
318 2815 418 2871 Sed
466 2817 761 2872 traditiones
823 2819 1095 2888 humanae,
1141 2838 1238 2874 non
1301 2835 1441 2871 secus
1496 2835 1551 2869 ac
1613 2816 1861 2871 humanae

137 2911 267 2979 leges
310 2923 356 2964 et
415 2913 660 2980 instituta,
705 2913 981 2966 servandae
1025 2924 1158 2980 sunt,
1203 2914 1273 2965 sic
1327 2923 1489 2964 tamen
1551 2921 1600 2964 ut
1669 2914 1849 2965 mutari

134 3005 198 3058 al)
240 3005 485 3074 Ecclesia,
526 3007 768 3077 justisque
811 3006 872 3059 (le
915 3008 1078 3061 causis
1124 3006 1358 3075 abiogari
1404 3006 1614 3078 possint.
