2114 3289
725 114 768 189 §-
815 139 897 175 Lx.
946 140 1004 174 DE
1050 140 1204 174 nunus
1629 123 1737 174 225

102 243 330 317 ipsorum
370 241 794 313 jurisdictionem,
839 240 1053 296 formam
1098 241 1462 296 ecclesiasticae
1496 240 1820 296 administra-

106 337 279 406 tioniS,
321 335 626 406 judiciorum
670 334 898 389 ordinem
940 335 1256 403 determinat,
1302 334 1377 388 vel
1423 346 1653 389 externas
1698 334 1821 388 fide-

98 430 225 485 lium
304 430 562 496 actiones,
632 440 873 501 quatenus
944 430 1208 483 christiani
1285 440 1399 483 sunt
1458 440 1504 483 et
1562 426 1818 483 Ecclesiae

98 524 343 591 membra,
392 522 698 578 moderatur.
727 520 836 577 Hoc
866 521 1163 596 disciplinae
1207 540 1361 592 genus
1406 522 1636 596 politiam
1663 521 1817 577 eccle-

99 618 357 672 siasticam
402 618 596 671 vocavit
622 615 748 671 forte
774 617 998 671 omnium
1029 619 1220 690 primus
1247 615 1595 671 Theodoretus
1623 614 1820 673 Histor.

98 709 234 766 Eccl.
279 710 368 766 lib.
416 708 438 763 I
500 729 610 783 cap.
676 713 730 778 8,
792 710 876 764 ubi
938 709 999 764 de
1058 707 1299 765 Nicaenis
1360 708 1601 765 Patribus
1664 710 1817 766 verba

96 803 284 859 faciens
326 804 397 859 sic
439 804 672 877 loquutus
714 815 804 859 est:
849 806 970 858 Post
1000 803 1122 858 haec
1153 821 1331 857 rursus
1365 803 1421 858 in
1455 822 1617 857 unum
1642 822 1823 859 conve-

96 897 291 952 nientes
333 898 394 952 de
440 897 772 952 ecclesiastica
806 897 996 970 politia
1036 898 1229 970 viqemi
1279 898 1409 969 loyes
1460 898 1818 970 conscripsere.

175 990 370 1047 Harum
415 990 788 1048 Institutionum
831 994 978 1048 initio
1039 993 1283 1062 diximus,
1342 990 1629 1063 Regalistas
1690 992 1820 1048 nihil

95 1105 194 1142 non
237 1086 426 1155 moliri,
470 1097 522 1139 ut
565 1105 662 1155 reS,
707 1105 833 1159 quae
876 1087 941 1142 ad
985 1085 1303 1157 Religionem
1346 1088 1612 1160 pertinent,
1650 1088 1693 1141 si
1720 1106 1820 1142 non

92 1199 285 1250 omneS,
328 1192 379 1236 at
420 1200 503 1235 eas
547 1193 696 1250 certe,
740 1199 866 1253 quae
911 1181 987 1235 vel
1029 1193 1281 1250 externae,
1326 1182 1402 1236 vel
1445 1181 1517 1235 rei
1543 1181 1811 1255 temporali

94 1274 320 1330 adnexae
363 1286 496 1344 sunt,
540 1275 677 1330 civili
720 1276 931 1349 imperio
975 1276 1263 1345 subjiciant.
1308 1274 1471 1330 Multa
1496 1277 1648 1330 etiam
1675 1277 1812 1330 circa

95 1371 493 1438 matrimonium,
553 1389 829 1442 causasque
891 1369 1324 1436 matrimoniales,
1393 1380 1439 1423 et
1516 1370 1815 1442 temporalia

93 1461 349 1518 Ecclesiae
408 1463 540 1518 bona
600 1463 763 1518 eidem
822 1465 1033 1536 imperio
1111 1462 1414 1518 concedunt.
1478 1461 1679 1531 Quibus
1750 1464 1812 1519 de

90 1557 236 1612 rebus
280 1575 393 1612 cum
434 1557 653 1612 breviter
711 1556 1030 1630 dilucideque
1089 1556 1438 1613 disserendum
1507 1557 1654 1613 nobis
1716 1559 1815 1628 sit,

91 1650 315 1707 dicemus
361 1648 444 1708 1.Ο
505 1651 566 1706 de
610 1651 755 1707 rebus
817 1651 1193 1725 spiritualibus:
1242 1648 1324 1707 2⁰
1369 1651 1430 1706 de
1483 1653 1808 1708 matrimonio

91 1757 139 1801 et
180 1746 345 1801 causis
389 1745 865 1801 matrimonialibus:
913 1742 998 1801 3.⁰
1042 1745 1103 1799 de
1146 1746 1292 1800 rebus
1337 1746 1684 1820 spiritualibus
1729 1747 1802 1802 rei

90 1840 356 1915 temporali
399 1839 628 1896 adnexis:
676 1836 760 1895 4⁰
804 1839 1019 1912 denique
1062 1839 1123 1894 de
1181 1839 1327 1895 bonis
1372 1839 1627 1897 Ecclesiae
1681 1852 1802 1896 tem-

90 1934 370 2010 poralibuS.

855 2091 899 2165 §-
948 2099 1038 2151 61.

558 2247 630 2292 DE
676 2246 861 2292 REBUS
897 2246 1332 2292 SPIRITUALIBUS

164 2406 468 2482 Spirituales
513 2408 748 2464 dicuntur
789 2408 905 2464 illae
949 2428 1025 2463 res
1040 2452 1055 2477 ,
1100 2409 1281 2482 quibus
1325 2407 1459 2464 Deus
1503 2409 1714 2476 colitur,
1760 2420 1807 2463 et

82 2503 311 2557 homines
355 2502 420 2557 ad
462 2515 716 2558 aeternam
760 2504 970 2559 salutem
1014 2504 1298 2573 ducuntur,
1344 2505 1413 2558 uti
1456 2514 1570 2558 sunt
1620 2500 1804 2557 Sacra-

82 2609 266 2666 menta,
309 2595 500 2652 Missae
544 2595 883 2666 Sacrificium,
912 2598 1018 2654 dies
1062 2598 1194 2667 festi,
1224 2617 1392 2671 preces
1437 2615 1630 2665 sacrae,
1667 2608 1799 2665 vota,

77 2690 288 2761 jejunia,
332 2703 378 2746 et
421 2704 582 2747 cetera
625 2692 852 2763 ejusdem
896 2694 1112 2765 generis,

160 2782 275 2838 Jam
320 2805 432 2841 vero
478 2788 527 2840 in
573 2788 634 2841 iis
679 2788 942 2856 omnibus,
987 2808 1113 2860 quae
1157 2787 1220 2841 ad
1265 2787 1451 2840 cultum
1495 2784 1588 2839 Dei
1632 2797 1678 2838 et
1721 2804 1801 2839 sa-

81 2878 232 2934 lutem
285 2881 568 2936 animarum
618 2893 879 2955 spectant,
923 2883 1086 2937 omnis
1131 2902 1158 2935 a
1201 2879 1404 2935 Christo
1451 2892 1666 2953 potestas
1713 2879 1802 2934 do-

1289 2977 1355 3028 15
