2114 3289
552 119 599 193 S.
643 141 713 175 111.
762 140 821 174 DE
867 142 1154 177 POTESTATE
1198 143 1401 179 ORDINJS
1697 131 1765 181 17-

134 244 349 301 Ordinis
392 243 553 317 capite
607 244 675 297 1:
736 242 795 298 Si
854 243 966 314 qais
1027 245 1227 299 dixerit
1287 263 1390 299 non
1449 262 1547 300 esse
1606 248 1663 301 in
1723 267 1851 303 novo

130 342 449 393 Testamento
507 336 865 392 Sacerdotium
924 337 1122 393 visibile
1176 352 1221 393 et
1272 350 1585 407 caeternum,
1629 340 1707 395 vel
1748 361 1853 397 non

132 449 230 487 esse
264 441 564 504 potestatem
605 430 838 502 aliquam
879 433 1213 487 consecrandi
1225 476 1246 499 2
1290 445 1335 488 et
1377 434 1630 509 offerendi
1672 455 1854 491 verum

133 529 349 598 Corpm,
394 536 439 579 et
479 525 798 597 Sanquinem
842 525 1080 592 Domini,
1126 537 1170 580 et
1207 539 1418 599 peccata
1467 529 1765 585 remittendi
1810 540 1855 586 et

130 621 495 678 retinendi.....
539 621 814 675 anathema
855 622 937 676 sit.

212 715 442 772 Potestas
504 715 699 772 ordinis
758 736 848 790 per
898 735 1097 772 sacram
1150 718 1522 776 ordinationem
1566 721 1856 792 confertur,

132 829 292 884 neque
351 811 515 865 amitti
573 822 773 884 potest,
823 829 912 865 nec
955 811 1180 881 auferri,
1223 814 1342 884 quia
1386 815 1682 885 character,
1726 816 1859 871 unde

133 903 369 979 profluit,
414 904 570 959 deleri
614 905 814 977 nequit,
858 904 945 960 sed
989 917 1227 979 perpetuo
1270 908 1498 963 inhaeret
1541 911 1632 979 ita9
1676 922 1728 965 ut
1769 912 1858 984 qui

134 998 372 1054 sacerdos
414 997 566 1054 semel
608 997 738 1067 fuit,
782 997 940 1054 laicus
985 1019 1158 1055 rursus
1204 1000 1313 1056 fieri
1357 1020 1456 1057 non
1499 1005 1678 1077 possit.
1724 1003 1857 1059 Hinc

134 1090 192 1149 S.
234 1090 548 1163 Augustinus
607 1091 740 1148 libro
786 1091 835 1147 II
878 1092 1121 1150 adversus
1176 1092 1573 1152 Parmenianum
1626 1117 1736 1172 cap.
1785 1101 1854 1154 13

133 1186 196 1242 de
240 1184 452 1242 Clericis
494 1187 548 1241 in
591 1187 862 1242 schismate
904 1186 1287 1244 Donatistarum
1330 1189 1619 1245 charactere
1662 1191 1858 1248 ordinis

132 1281 389 1352 insignitis
433 1281 537 1336 ait:
582 1281 700 1334 Non
741 1290 858 1333 sam
898 1280 1089 1334 iterum
1131 1281 1449 1349 ordinandi,
1493 1283 1582 1338 sed
1622 1283 1753 1338 sicut
1801 1286 1860 1340 in

134 1374 206 1429 eis
247 1373 539 1445 Baptisma,
583 1373 659 1428 ita
701 1373 980 1429 Ordinatio
1022 1374 1213 1429 mansit
1254 1375 1475 1447 integra.

212 1465 439 1523 Vocatur
496 1479 662 1523 autem
721 1479 942 1542 potestas
1003 1468 1239 1539 ordinis,
1283 1482 1548 1545 propterea
1591 1472 1729 1546 quod
1771 1493 1860 1549 per

133 1561 362 1618 diversos
405 1559 762 1618 Ministrorum
806 1562 1009 1618 ordines
1054 1564 1159 1619 sive
1201 1564 1390 1635 gradus
1434 1565 1707 1624 distributa
1749 1581 1860 1638 est,

131 1658 263 1713 inter
305 1676 432 1730 quos
475 1656 717 1732 Episcopi
759 1659 1042 1733 principem
1086 1659 1250 1715 locum
1293 1672 1476 1717 tenent.
1532 1661 1651 1730 Qua
1701 1663 1764 1719 de
1806 1683 1860 1720 re

129 1748 420 1807 Concilium
446 1750 806 1807 Tridentinum
833 1771 957 1809 sess.
991 1756 1062 1809 ⁶23
1108 1772 1220 1811 can.
1268 1758 1299 1808 6
1345 1755 1600 1812 definivit:
1644 1757 1705 1814 Si
1746 1759 1860 1830 quis

132 1845 366 1912 dixerit,
407 1846 467 1900 in
507 1845 737 1900 Ecclesia
778 1846 1030 1902 catholica
1069 1866 1174 1902 non
1217 1866 1315 1904 esse
1358 1850 1730 1906 Hierarchiam
1779 1853 1837 1908 az·

132 1940 256 1994 vina
296 1939 626 1995 ordinatione
669 1940 990 2009 institutam,
1035 1960 1164 2014 quae
1208 1954 1401 1998 constat
1446 1964 1513 1999 eat
1563 1946 1857 2020 EpiscopiS,

134 2034 474 2106 Presbyteris,
504 2046 550 2090 et
592 2035 875 2102 MinistriS,
920 2037 1194 2091 anatliema
1238 2039 1317 2093 sit.

194 2249 485 2308 Quicumque
534 2250 589 2295 ad
626 2251 948 2297 Hierarchiam
986 2253 1167 2299 ordinis
1200 2255 1474 2313 pertinent,
1510 2259 1746 2304 communi
1786 2271 1868 2304 vo-

124 2330 292 2376 cabulo
341 2330 639 2389 appellantur
673 2330 875 2386 Clerici3
925 2335 1072 2381 ceteri
1130 2349 1238 2381 vero
1273 2338 1354 2394 qui
1389 2338 1438 2382 in
1476 2338 1688 2384 Ecclesia
1725 2345 1864 2394 sunt,

124 2409 262 2457 Laici
297 2411 541 2457 dicuntur:
581 2425 701 2470 quae
737 2414 925 2471 quidem
961 2428 1266 2473 personarum
1298 2418 1469 2464 divisio
1493 2419 1654 2464 divino
1679 2433 1735 2464 ex
1757 2417 1864 2476 jure

123 2493 455 2551 proficiscitur.
506 2495 558 2539 ln
607 2495 772 2553 primis
821 2498 944 2542 enim
995 2499 1206 2556 Apostoli
1255 2500 1556 2559 distinguunt
1599 2501 1781 2547 Fideles
1814 2503 1866 2547 in

124 2570 334 2633 Greqem,
359 2581 405 2620 et
439 2572 746 2637 Episcopum:
788 2577 1041 2635 aliquando
1079 2581 1222 2625 etiam
1259 2581 1306 2625 in
1343 2580 1609 2636 Ministros‚
1647 2588 1694 2627 et
1726 2579 1867 2628 Fide-

129 2650 207 2699 les.
243 2655 347 2701 Non
386 2662 581 2702 utuntur
616 2658 804 2715 quidem
840 2659 1112 2705 nominihus
1147 2659 1462 2714 Clericoram,
1501 2668 1547 2707 et
1581 2660 1863 2718 Loicoram3

128 2739 177 2778 at
210 2747 284 2781 res
319 2736 421 2793 ipsa
455 2737 628 2783 diserte
664 2740 976 2797 proponitur,
1014 2752 1162 2799 eaque
1198 2743 1389 2787 nomina
1434 2743 1651 2800 usurpari
1695 2743 1865 2790 deinde

128 2821 294 2872 coepta
317 2824 426 2862 sunt
456 2817 514 2863 ad
551 2831 648 2865 rem
683 2820 852 2865 melius
890 2821 1270 2880 significandam:
1313 2829 1553 2879 praeterea
1591 2835 1694 2869 cum
1731 2831 1867 2882 pote-

131 2900 225 2939 stas
260 2897 575 2944 conficiendae
615 2900 970 2950 Eucharistiae,
1012 2910 1057 2948 ct
1095 2904 1321 2949 sacrificii
1361 2904 1619 2948 offerendi.
1660 2906 1756 2951 sive
1795 2906 1863 2950 al-

1015 2967 1037 2992 .
1390 2990 1415 3025 )

1390 3025 1413 3035 ..⁴
