2114 3289
353 101 423 151 78
472 116 564 153 Lm.
587 116 638 152 11.
661 115 707 152 c.
736 115 769 150 1.
800 113 859 149 DE
889 113 937 148 R.
970 112 1235 149 PONTIFIGE
1263 111 1434 156 EJUSQ.
1457 111 1800 149 ADJUTORIBUS

249 230 404 277 posse.
428 218 487 263 Et
509 218 557 262 hi
582 216 770 275 quidem
807 214 1036 270 impetum
1072 211 1258 259 faciunt
1280 213 1330 258 in
1353 213 1608 259 Primatum
1642 210 1997 270 jurisdictionis

248 299 424 346 Sancto
461 301 595 345 Petro
620 294 816 354 ejusque
848 294 1213 341 Successorihus
1248 294 1479 341 divinitus
1515 295 1758 351 traditum,
1797 291 1902 341 cum
1939 296 1996 339 ah

252 393 306 427 eo
344 379 561 426 auferant
598 376 847 423 coercendi
883 372 980 433 jus,
1019 376 1121 421 sine
1155 389 1248 433 quo
1285 376 1440 422 omnis
1474 383 1607 422 actus
1642 374 1993 434 jurisdictionis

252 461 490 507 contemni
530 460 720 516 impune
756 463 929 516 potest.

1025 627 1072 704 g,
1132 636 1224 689 24.

450 784 524 830 DE
563 784 704 830 JURE
743 783 1133 829 nierNSANm
1169 782 1356 828 SUPER
1390 782 1794 829 GENERALmus

815 894 1133 965 EcCLEfflAE
1181 893 1430 940 Leclssus

338 1070 603 1127 Generalis
648 1072 822 1143 regula
866 1084 959 1142 est,
995 1073 1121 1144 legis
1167 1071 1421 1127 vinculum
1466 1070 1688 1126 relaxari
1731 1091 1876 1145 posse
1903 1090 1990 1127 au-

255 1169 483 1222 ctoritate
532 1187 743 1237 eorum,
789 1168 875 1240 qui
920 1180 1004 1222 aut
1047 1167 1207 1238 legem
1253 1166 1623 1235 condiderunt,
1677 1178 1762 1220 aut
1813 1184 1987 1239 parem

256 1280 368 1316 cum
421 1263 484 1316 iis
529 1273 825 1335 potestatem
870 1273 1063 1331 tenent,
1107 1281 1170 1316 ex
1213 1262 1479 1317 notissimo
1522 1260 1650 1330 juris
1696 1261 1986 1315 axiomate:

257 1354 420 1428 Cujus
463 1366 532 1409 esc
574 1355 735 1426 leqem
778 1356 1018 1423 condere)
1065 1355 1179 1429 ejus
1222 1355 1378 1410 etiam
1421 1365 1490 1410 est
1532 1355 1678 1409 illi-us
1721 1354 1992 1425 obligatio-

253 1468 371 1504 nem
426 1450 705 1507 remittere.
771 1449 945 1523 Itaque
998 1449 1238 1505 Pontifex
1281 1470 1430 1524 super
1473 1450 1707 1506 omnibus
1752 1450 1990 1504 ecclesia-

255 1545 396 1600 sticis
422 1545 638 1616 legibus,
665 1557 712 1599 et
738 1546 1015 1600 canonibus
1052 1565 1250 1618 quoquc
1285 1542 1631 1600 Conciliorum
1673 1544 1986 1614 generalium

256 1638 321 1693 ad
365 1639 690 1713 disciplinam
732 1639 1118 1712 pertinentibus9
1147 1638 1476 1712 dispensandi
1503 1650 1746 1712 potestate
1776 1640 1986 1711 potitur,

256 1745 424 1807 utpote
467 1735 555 1807 qui
600 1752 799 1789 omnem
842 1733 1247 1803 jurisdictionem
1275 1732 1712 1801 Ecclesiasticam‚
1757 1752 1844 1788 seu
1886 1733 1989 1806 ple-

258 1828 541 1883 nitudinem
568 1829 830 1902 potestatis
875 1829 940 1883 ab
985 1829 1095 1902 ipso
1140 1826 1347 1884 Christo
1392 1829 1603 1901 accepit.
1646 1824 1726 1881 Ad
1768 1828 1863 1882 hoc
1904 1828 1984 1898 jus

256 1923 691 1996 comprobandum
753 1935 914 1997 potest
975 1935 1325 1993 argumentum
1385 1923 1537 1977 ctiam
1599 1921 1716 1976 duci
1769 1922 1834 1977 ab
1876 1923 1987 1996 ipsa

255 2016 688 2091 dispensationum
733 2020 1044 2074 necessitate.
1117 2016 1389 2073 Enimvero
1445 2017 1512 2073 ad
1574 2018 1887 2091 spiritualem
1932 2016 1990 2071 fi-

257 2111 447 2166 delium
490 2112 934 2183 gubernationem,
978 2125 1127 2187 atque
1171 2112 1297 2169 adeo
1342 2112 1406 2167 ad
1451 2113 1614 2186 ipsam
1641 2110 1988 2167 Ecclesiastici

255 2207 519 2277 regiminis
563 2208 809 2261 rationem
853 2209 1086 2281 pertinet,
1117 2220 1169 2263 ut
1211 2210 1262 2262 iu
1306 2205 1534 2262 Ecclesia
1577 2208 1642 2261 sit
1684 2207 1792 2279 qui,
1819 2224 1987 2260 neces-

258 2302 422 2355 sitatis
468 2312 551 2355 aut
597 2301 826 2356 utilitatis
871 2322 1022 2357 causa
1066 2303 1422 2371 intercedente,
1460 2313 1756 2376 potestatem
1800 2300 1985 2354 habeat

256 2398 380 2469 legis
432 2398 757 2454 relaxandae.
822 2396 917 2453 Cui
961 2411 1126 2454 autem
1170 2399 1348 2454 melius
1393 2418 1546 2471 quam
1590 2396 1829 2453 Pontifici
1871 2415 1983 2450 eam

254 2505 550 2566 potestatem
596 2489 921 2548 tribuemus?

337 2587 448 2642 Huc
513 2587 708 2642 accedit
769 2599 1002 2643 constans
1057 2586 1314 2642 Ecclesiae
1365 2586 1640 2655 Traditio9
1684 2583 1894 2640 Patrum
1938 2597 1985 2639 et

253 2682 530 2738 Doctorum
576 2701 868 2752 conse11511S‚
912 2702 968 2737 36
1012 2682 1322 2752 generalium
1368 2680 1715 2737 Conciliorum
1759 2682 1983 2737 testimo-

253 2779 367 2846 nia,
412 2777 595 2850 quibus
639 2778 762 2832 hacc
806 2775 1072 2833 Pontificis
1115 2788 1334 2851 potestas
1379 2775 1755 2850 comprobatur.
1818 2773 1981 2831 Gene—

256 2872 378 2928 ralis
422 2870 659 2942 Synodus
712 2871 841 2928 VIII
893 2873 1291 2947 dispensationes
1352 2872 1549 2945 aliquas
1613 2890 1711 2928 non
1773 2871 1976 2945 quidem
