2114 3289
347 117 457 168 240
522 133 614 169 ιιΒ.
643 133 712 168 111.
742 132 786 167 e.
816 131 866 167 11.
898 131 958 166 DE
987 130 1144 166 uenus
1171 131 1311 167 Eccn.
1343 132 1550 168 POTEST.
1579 132 1835 169 sumemus

259 235 492 289 monium
541 233 787 304 attinqit,
839 231 936 286 sibi
978 248 1163 302 suoque
1206 231 1459 288 tribunali
1501 232 1856 308 adjudicare,
1898 234 1985 289 sed

259 349 531 385 causarum
574 341 813 382 naturam
857 338 1045 382 attente
1088 327 1338 400 inspicere
1383 340 1427 383 et
1470 329 1785 401 distinguere
1822 325 1982 387 debet.

260 425 391 480 Tria
414 433 529 478 sunt
554 440 828 477 causarum
853 421 1322 477 matrimonialium
1359 440 1564 494 qenera.
1609 424 1828 496 Aliquae
1871 443 1984 479 ver-

258 530 437 573 santu-r
463 517 601 572 circa
628 517 753 572 initi
795 516 1087 591 conjuqalis
1128 517 1351 589 foederis
1386 517 1681 591 firmitatem
1682 561 1786 577 ......
1831 519 1982 575 Aliae

255 623 371 666 sunt
430 629 610 667 causae
671 611 926 666 excitatae
987 621 1076 665 aut
1118 629 1269 684 super
1311 611 1581 666 validitate
1625 613 1980 684 sponsalium,

255 716 346 760 aut
395 724 546 779 super
591 705 718 780 jure
760 706 1068 761 instituendi
1112 706 1393 761 divortium
1436 706 1607 778 quoad
1648 706 1890 776 thorum,
1936 720 1982 764 et

253 802 426 874 quoad
467 802 972 860 cohabitationem...
1017 801 1167 857 Aliae
1211 802 1418 857 demum
1461 815 1574 856 sunt
1619 820 1824 872 causae,
1849 822 1979 876 quae

253 897 626 951 conneoeionem
686 897 894 969 quidem
954 896 1136 952 liabent
1193 915 1308 950 cum
1357 897 1729 964 matrimoniO,
1773 899 1859 951 sed
1899 915 1979 953 res

252 1009 388 1046 mere
451 991 690 1064 politicas
749 1003 794 1047 et
853 991 1155 1065 temporales
1216 992 1405 1046 directe
1466 1002 1614 1063 atque
1681 991 1977 1048 immediate

250 1086 551 1158 respiciunt.

329 1179 503 1254 Itaque
544 1180 782 1251 dicimus,
810 1180 911 1236 duo
954 1192 1146 1236 tantum
1189 1182 1362 1256 priora
1405 1200 1670 1237 causarum
1714 1181 1976 1238 matrimo-

251 1276 462 1331 nialium
491 1295 672 1348 genera
701 1276 765 1331 ad
792 1276 1158 1332 ecclesiasticos
1191 1276 1384 1348 judices
1418 1278 1681 1350 pertinere.
1726 1275 1789 1331 Et
1830 1296 1976 1332 exor-

252 1370 393 1425 dium
437 1383 685 1427 sumentes
730 1391 758 1426 a
802 1373 965 1445 primo
1009 1390 1222 1442 genere,
1268 1371 1404 1445 quod
1454 1384 1527 1426 est
1577 1391 1749 1427 earum
1799 1391 1976 1427 causa-

253 1484 402 1534 rum,
464 1484 592 1538 quae
652 1485 800 1539 super
843 1467 954 1520 initi
997 1466 1278 1536 conjugalis
1324 1466 1539 1521 foederis
1585 1467 1821 1521 firmitate
1865 1486 1974 1521 ver-

247 1571 457 1628 santur,
520 1561 838 1634 perspicuum
899 1572 998 1629 est,
1047 1559 1167 1613 dum
1219 1579 1369 1615 causa
1420 1562 1586 1631 agitur
1629 1552 1689 1615 d'e
1737 1561 1970 1616 firmitate

244 1655 460 1711 foederis
520 1657 840 1727 conjugaliS,
895 1656 1029 1710 idem
1072 1675 1179 1711 esse
1224 1676 1280 1711 ae
1325 1658 1367 1711 si
1411 1658 1637 1729 quaestio
1682 1657 1742 1712 de
1787 1656 1968 1713 Sacra-

243 1752 396 1805 menti
449 1750 706 1805 validitate
756 1752 1062 1806 instituatur.
1124 1748 1360 1824 Namque
1404 1749 1785 1806 Sacramentum
1830 1752 1965 1807 nullo

242 1844 393 1900 modo
444 1856 517 1899 est
560 1866 588 1900 a
634 1844 994 1899 matrimoniali
1045 1857 1301 1917 contractu
1346 1845 1601 1900 diversum
1646 1857 1729 1900 aut
1771 1844 1967 1916 disjun-

246 1951 400 2008 ctum,
445 1951 702 2013 tamquam
744 1959 821 1994 res
865 1959 893 1993 a
939 1959 1010 2009 re,
1044 1952 1128 1995 aut
1171 1952 1428 2013 tamquam
1474 1959 1572 2008 res,
1608 1960 1735 2013 quae
1777 1942 1967 1995 extrin-

243 2053 384 2089 secus
429 2035 763 2107 superveniat.
808 2032 909 2089 Sed
954 2033 1336 2089 Sacramentum
1379 2046 1424 2089 et
1460 2036 1837 2090 matrimonium
1864 2054 1961 2091 una

239 2142 387 2204 atque
412 2130 588 2185 eadem
631 2149 709 2186 res
753 2143 854 2201 est,
899 2133 1003 2187 sive
1046 2133 1425 2189 matrimonium
1452 2142 1525 2186 est
1552 2129 1955 2201 Sacramentum,

238 2224 374 2298 quod
424 2223 724 2279 Tridentina
775 2223 1010 2295 Synodus
1061 2225 1291 2280 definivit
1339 2244 1461 2282 seSS.
1513 2229 1585 2279 24
1629 2244 1739 2282 can.
1789 2229 1855 2281 1:
1902 2225 1962 2282 Si

237 2318 350 2389 quis
376 2318 600 2384 dioeerit,
628 2319 1018 2372 matrimonium
1046 2337 1148 2372 non
1175 2337 1272 2374 esse
1306 2338 1420 2374 ‘cere
1466 2331 1509 2374 et
1545 2321 1758 2393 proprie
1802 2339 1963 2374 unum

238 2431 306 2468 eoe
347 2423 533 2485 septem
575 2412 698 2484 le9is
742 2413 1059 2484 eranqelicae
1089 2415 1434 2469 Sacramentis
1460 2433 1491 2468 a
1517 2414 1714 2469 Cltristo
1740 2415 1962 2469 Domino

237 2507 550 2574 institutum,
594 2506 868 2561 anatliema
910 2507 991 2563 sit.
1037 2507 1167 2563 Hinc
1197 2507 1250 2564 S.
1281 2508 1508 2564 Thomas
1538 2511 1587 2564 in
1615 2510 1956 2583 supplemento

240 2614 349 2659 tert.
381 2615 510 2676 part.
540 2616 732 2675 quaest.
781 2605 854 2655 42
898 2614 991 2657 art.
1042 2608 1071 2657 3
1120 2603 1184 2657 ad
1233 2607 1263 2654 2
1308 2605 1411 2658 ait:
1460 2608 1611 2657 ,letus
1656 2604 1959 2670 eaeterioreS,

240 2708 282 2751 et
324 2698 477 2751 ‘cerba
519 2698 869 2770 exprimentia
919 2715 1210 2752 eonsensum
1261 2697 1449 2751 directe
1507 2699 1706 2769 facium
1768 2717 1961 2752 nemum

236 2792 531 2862 quemdam,
575 2792 664 2863 qui
707 2803 775 2846 est
818 2796 1205 2848 Sacramentum
1249 2792 1589 2848 matrimonii.
1637 2791 1797 2863 Igitur
1839 2813 1953 2848 cum

240 2884 414 2941 foedus
458 2887 720 2957 conjugale
764 2885 1143 2942 Sacramentum
1189 2888 1272 2955 sit,
1301 2885 1360 2940 de
1405 2885 1744 2943 Sacramentis
1789 2899 1953 2942 autem
