<?xml version="1.0" encoding="UTF-8"?>
<!DOCTYPE html PUBLIC "-//W3C//DTD XHTML 1.0 Transitional//EN"
    "http://www.w3.org/TR/xhtml1/DTD/xhtml1-transitional.dtd">
<html xmlns="http://www.w3.org/1999/xhtml" xml:lang="en" lang="en">
 <head>
  <title>
</title>
<meta http-equiv="Content-Type" content="text/html;charset=utf-8" />
  <meta name='ocr-system' content='tesseract 3.04.00' />
  <meta name='ocr-capabilities' content='ocr_page ocr_carea ocr_par ocr_line ocrx_word'/>
</head>
<body>
  <div class='ocr_page' id='page_1' title='image "./joanniscardinali00sogl_0049.png"; bbox 0 0 2114 3289; ppageno 0'>
   <div class='ocr_carea' id='block_1_1' title="bbox 332 124 1770 201">
    <p class='ocr_par' dir='ltr' id='par_1_1' title="bbox 332 124 1770 201">
     <span class='ocr_line' id='line_1_1' title="bbox 332 124 1770 201; baseline -0.001 -14"><span class='ocrx_word' id='word_1_1' title='bbox 332 124 377 201; x_wconf 69' lang='lat' dir='ltr'><em>S.</em></span> <span class='ocrx_word' id='word_1_2' title='bbox 405 148 513 187; x_wconf 77' lang='lat' dir='ltr'><em>xw.</em></span> <span class='ocrx_word' id='word_1_3' title='bbox 545 149 605 185; x_wconf 82' lang='lat' dir='ltr'><em>DE</em></span> <span class='ocrx_word' id='word_1_4' title='bbox 632 148 725 184; x_wconf 81' lang='lat' dir='ltr'><em>usu</em></span> <span class='ocrx_word' id='word_1_5' title='bbox 753 148 815 183; x_wconf 82' lang='lat' dir='ltr'><em>ET</em></span> <span class='ocrx_word' id='word_1_6' title='bbox 841 147 987 184; x_wconf 64' lang='lat' dir='ltr'><em>Anc‘r.</em></span> <span class='ocrx_word' id='word_1_7' title='bbox 1015 148 1067 185; x_wconf 85' lang='lat' dir='ltr'><em>v.</em></span> <span class='ocrx_word' id='word_1_8' title='bbox 1095 150 1141 185; x_wconf 86' lang='lat' dir='ltr'><em>T.</em></span> <span class='ocrx_word' id='word_1_9' title='bbox 1169 149 1219 186; x_wconf 76' lang='lat' dir='ltr'><em>m</em></span> <span class='ocrx_word' id='word_1_10' title='bbox 1247 150 1369 185; x_wconf 70' lang='lat' dir='ltr'><em>June</em></span> <span class='ocrx_word' id='word_1_11' title='bbox 1396 148 1659 188; x_wconf 74' lang='lat' dir='ltr'><em>cANonmo</em></span> <span class='ocrx_word' id='word_1_12' title='bbox 1704 135 1770 188; x_wconf 89' lang='lat'><em>31</em></span> 
     </span>
    </p>
   </div>
   <div class='ocr_carea' id='block_1_2' title="bbox 125 247 1922 2975">
    <p class='ocr_par' dir='ltr' id='par_1_2' title="bbox 125 247 1922 2975">
     <span class='ocr_line' id='line_1_2' title="bbox 141 247 1856 326; baseline 0.003 -20"><span class='ocrx_word' id='word_1_13' title='bbox 141 263 418 319; x_wconf 79' lang='lat' dir='ltr'><em>troversae,</em></span> <span class='ocrx_word' id='word_1_14' title='bbox 455 252 526 306; x_wconf 87' lang='lat' dir='ltr'><em>ait</em></span> <span class='ocrx_word' id='word_1_15' title='bbox 568 249 819 307; x_wconf 84' lang='lat' dir='ltr'><em>Zallvvein</em></span> <span class='ocrx_word' id='word_1_16' title='bbox 863 249 924 305; x_wconf 93' lang='lat' dir='ltr'><em>de</em></span> <span class='ocrx_word' id='word_1_17' title='bbox 968 247 1140 308; x_wconf 85' lang='lat' dir='ltr'><em>Prine.</em></span> <span class='ocrx_word' id='word_1_18' title='bbox 1185 250 1475 326; x_wconf 81' lang='lat' dir='ltr'><em>Jurisprud.</em></span> <span class='ocrx_word' id='word_1_19' title='bbox 1515 251 1706 309; x_wconf 78' lang='lat' dir='ltr'><em>Eccles,</em></span> <span class='ocrx_word' id='word_1_20' title='bbox 1736 265 1856 311; x_wconf 87' lang='lat' dir='ltr'><em>tom.</em></span> 
     </span>
     <span class='ocr_line' id='line_1_3' title="bbox 138 344 1860 419; baseline 0.002 -20"><span class='ocrx_word' id='word_1_21' title='bbox 138 344 161 399; x_wconf 97' lang='lat' dir='ltr'>I</span> <span class='ocrx_word' id='word_1_22' title='bbox 205 358 395 418; x_wconf 86' lang='lat' dir='ltr'><em>quaest.</em></span> <span class='ocrx_word' id='word_1_23' title='bbox 445 349 478 398; x_wconf 77' lang='lat'><strong>2</strong></span> <span class='ocrx_word' id='word_1_24' title='bbox 521 364 632 418; x_wconf 84' lang='lat' dir='ltr'><em>cap.</em></span> <span class='ocrx_word' id='word_1_25' title='bbox 681 347 733 414; x_wconf 71' lang='grc' dir='ltr'><em>Ξ,</em></span> <span class='ocrx_word' id='word_1_26' title='bbox 781 363 909 416; x_wconf 82' lang='lat' dir='ltr'><em>quae</em></span> <span class='ocrx_word' id='word_1_27' title='bbox 952 363 1042 398; x_wconf 86' lang='lat' dir='ltr'><em>nec</em></span> <span class='ocrx_word' id='word_1_28' title='bbox 1086 365 1153 399; x_wconf 74' lang='lat' dir='ltr'><em>ex</em></span> <span class='ocrx_word' id='word_1_29' title='bbox 1195 347 1469 419; x_wconf 74' lang='lat' dir='ltr'><em>Scriptura</em></span> <span class='ocrx_word' id='word_1_30' title='bbox 1511 365 1599 401; x_wconf 86' lang='lat' dir='ltr'><em>nec</em></span> <span class='ocrx_word' id='word_1_31' title='bbox 1635 366 1702 401; x_wconf 72' lang='lat' dir='ltr'><em>ecc</em></span> <span class='ocrx_word' id='word_1_32' title='bbox 1731 351 1860 402; x_wconf 88' lang='lat' dir='ltr'><em>Tra-</em></span> 
     </span>
     <span class='ocr_line' id='line_1_4' title="bbox 137 439 1862 510; baseline 0.002 -18"><span class='ocrx_word' id='word_1_33' title='bbox 137 440 331 493; x_wconf 84' lang='lat' dir='ltr'><em>ditione</em></span> <span class='ocrx_word' id='word_1_34' title='bbox 375 439 547 493; x_wconf 77' lang='lat' dir='ltr'><em>decidi</em></span> <span class='ocrx_word' id='word_1_35' title='bbox 582 449 830 510; x_wconf 85' lang='lat' dir='ltr'><em>possunt,</em></span> <span class='ocrx_word' id='word_1_36' title='bbox 876 450 922 494; x_wconf 87' lang='lat' dir='ltr'><em>et</em></span> <span class='ocrx_word' id='word_1_37' title='bbox 961 457 1068 493; x_wconf 91' lang='lat' dir='ltr'><em>una</em></span> <span class='ocrx_word' id='word_1_38' title='bbox 1111 459 1177 494; x_wconf 77' lang='lat' dir='ltr'><em>ecc</em></span> <span class='ocrx_word' id='word_1_39' title='bbox 1219 442 1479 495; x_wconf 72' lang='lat' dir='ltr'><em>sententiis</em></span> <span class='ocrx_word' id='word_1_40' title='bbox 1529 442 1862 496; x_wconf 83' lang='lat' dir='ltr'><em>controversis</em></span> 
     </span>
     <span class='ocr_line' id='line_1_5' title="bbox 137 535 1859 611; baseline 0.002 -23"><span class='ocrx_word' id='word_1_41' title='bbox 137 535 316 589; x_wconf 80' lang='lat' dir='ltr'><em>habeat</em></span> <span class='ocrx_word' id='word_1_42' title='bbox 349 553 450 607; x_wconf 86' lang='lat' dir='ltr'><em>pro</em></span> <span class='ocrx_word' id='word_1_43' title='bbox 492 552 540 588; x_wconf 86' lang='lat' dir='ltr'><em>se</em></span> <span class='ocrx_word' id='word_1_44' title='bbox 583 535 838 607; x_wconf 61' lang='lat' dir='ltr'><em>ingentem</em></span> <span class='ocrx_word' id='word_1_45' title='bbox 874 536 1316 608; x_wconf 71' lang='lat' dir='ltr'><em>probabilitatem,</em></span> <span class='ocrx_word' id='word_1_46' title='bbox 1344 538 1485 592; x_wconf 76' lang='lat' dir='ltr'><em>haud</em></span> <span class='ocrx_word' id='word_1_47' title='bbox 1525 538 1716 611; x_wconf 85' lang='lat' dir='ltr'><em>inepte,</em></span> <span class='ocrx_word' id='word_1_48' title='bbox 1743 538 1859 593; x_wconf 86' lang='lat' dir='ltr'><em>licet</em></span> 
     </span>
     <span class='ocr_line' id='line_1_6' title="bbox 134 629 1859 704; baseline 0.004 -24"><span class='ocrx_word' id='word_1_49' title='bbox 134 647 236 681; x_wconf 84' lang='lat' dir='ltr'><em>non</em></span> <span class='ocrx_word' id='word_1_50' title='bbox 279 629 671 696; x_wconf 77' lang='lat' dir='ltr'><em>convincenter,</em></span> <span class='ocrx_word' id='word_1_51' title='bbox 717 648 785 683; x_wconf 66' lang='lat' dir='ltr'><em>esc</em></span> <span class='ocrx_word' id='word_1_52' title='bbox 828 631 1038 701; x_wconf 81' lang='lat' dir='ltr'><em>antiquo</em></span> <span class='ocrx_word' id='word_1_53' title='bbox 1081 632 1152 685; x_wconf 82' lang='lat' dir='ltr'><em>ad</em></span> <span class='ocrx_word' id='word_1_54' title='bbox 1191 650 1378 685; x_wconf 83' lang='lat' dir='ltr'><em>novum</em></span> <span class='ocrx_word' id='word_1_55' title='bbox 1420 632 1859 704; x_wconf 71' lang='lat' dir='ltr'><em>arqumentaberis</em></span> 
     </span>
     <span class='ocr_line' id='line_1_7' title="bbox 137 724 1859 798; baseline 0.002 -22"><span class='ocrx_word' id='word_1_56' title='bbox 137 726 536 790; x_wconf 69' lang='lat' dir='ltr'><em>Testamentum,</em></span> <span class='ocrx_word' id='word_1_57' title='bbox 570 724 612 777; x_wconf 87' lang='lat' dir='ltr'><em>si</em></span> <span class='ocrx_word' id='word_1_58' title='bbox 656 724 832 778; x_wconf 76' lang='lat' dir='ltr'><em>eadem</em></span> <span class='ocrx_word' id='word_1_59' title='bbox 874 724 953 779; x_wconf 77' lang='lat' dir='ltr'><em>vel</em></span> <span class='ocrx_word' id='word_1_60' title='bbox 993 724 1169 798; x_wconf 82' lang='lat' dir='ltr'><em>major</em></span> <span class='ocrx_word' id='word_1_61' title='bbox 1200 737 1395 797; x_wconf 70' lang='lat' dir='ltr'><em>paynet</em></span> <span class='ocrx_word' id='word_1_62' title='bbox 1435 727 1589 783; x_wconf 89' lang='lat' dir='ltr'><em>ratio.</em></span> <span class='ocrx_word' id='word_1_63' title='bbox 1632 729 1699 781; x_wconf 91' lang='lat' dir='ltr'><em>Et</em></span> <span class='ocrx_word' id='word_1_64' title='bbox 1740 727 1859 781; x_wconf 82' lang='lat' dir='ltr'><em>hinc</em></span> 
     </span>
     <span class='ocr_line' id='line_1_8' title="bbox 131 818 1858 894; baseline 0.002 -24"><span class='ocrx_word' id='word_1_65' title='bbox 131 828 512 887; x_wconf 72' lang='lat' dir='ltr'><em>arqumentum,</em></span> <span class='ocrx_word' id='word_1_66' title='bbox 557 835 655 889; x_wconf 81' lang='lat' dir='ltr'><em>quo</em></span> <span class='ocrx_word' id='word_1_67' title='bbox 701 818 949 873; x_wconf 78' lang='lat' dir='ltr'><em>Catholici</em></span> <span class='ocrx_word' id='word_1_68' title='bbox 992 838 1022 873; x_wconf 90' lang='lat' dir='ltr'><em>a</em></span> <span class='ocrx_word' id='word_1_69' title='bbox 1058 821 1337 892; x_wconf 63' lang='lat' dir='ltr'><em>privilegio</em></span> <span class='ocrx_word' id='word_1_70' title='bbox 1378 821 1481 894; x_wconf 82' lang='lat' dir='ltr'><em>fori</em></span> <span class='ocrx_word' id='word_1_71' title='bbox 1524 832 1570 876; x_wconf 92' lang='lat' dir='ltr'><em>et</em></span> <span class='ocrx_word' id='word_1_72' title='bbox 1611 820 1858 876; x_wconf 86' lang='lat' dir='ltr'><em>immuni-</em></span> 
     </span>
     <span class='ocr_line' id='line_1_9' title="bbox 130 911 1858 989; baseline 0.003 -24"><span class='ocrx_word' id='word_1_73' title='bbox 130 911 249 965; x_wconf 84' lang='lat' dir='ltr'><em>tatis</em></span> <span class='ocrx_word' id='word_1_74' title='bbox 306 912 666 969; x_wconf 78' lang='lat' dir='ltr'><em>Sacerdotibus</em></span> <span class='ocrx_word' id='word_1_75' title='bbox 716 913 774 967; x_wconf 87' lang='lat' dir='ltr'><em>in</em></span> <span class='ocrx_word' id='word_1_76' title='bbox 822 913 1037 985; x_wconf 79' lang='lat' dir='ltr'><em>antiqua</em></span> <span class='ocrx_word' id='word_1_77' title='bbox 1077 918 1208 986; x_wconf 70' lang='lat' dir='ltr'><em>Leqe</em></span> <span class='ocrx_word' id='word_1_78' title='bbox 1251 927 1593 989; x_wconf 73' lang='lat' dir='ltr'><em>competente,</em></span> <span class='ocrx_word' id='word_1_79' title='bbox 1637 916 1707 970; x_wconf 81' lang='lat' dir='ltr'><em>ad</em></span> <span class='ocrx_word' id='word_1_80' title='bbox 1750 915 1858 971; x_wconf 84' lang='lat' dir='ltr'><em>Cle-</em></span> 
     </span>
     <span class='ocr_line' id='line_1_10' title="bbox 130 1005 1856 1082; baseline 0.003 -23"><span class='ocrx_word' id='word_1_81' title='bbox 130 1005 361 1060; x_wconf 88' lang='lat' dir='ltr'><em>ricorum</em></span> <span class='ocrx_word' id='word_1_82' title='bbox 401 1007 780 1062; x_wconf 84' lang='lat' dir='ltr'><em>immunitatem</em></span> <span class='ocrx_word' id='word_1_83' title='bbox 824 1008 882 1062; x_wconf 90' lang='lat' dir='ltr'><em>in</em></span> <span class='ocrx_word' id='word_1_84' title='bbox 922 1012 1052 1081; x_wconf 72' lang='lat' dir='ltr'><em>Leqe</em></span> <span class='ocrx_word' id='word_1_85' title='bbox 1086 1028 1217 1064; x_wconf 81' lang='lat' dir='ltr'><em>nova</em></span> <span class='ocrx_word' id='word_1_86' title='bbox 1243 1021 1692 1082; x_wconf 64' lang='lat' dir='ltr'><em>argumentantur,</em></span> <span class='ocrx_word' id='word_1_87' title='bbox 1720 1011 1856 1065; x_wconf 88' lang='lat' dir='ltr'><em>inter</em></span> 
     </span>
     <span class='ocr_line' id='line_1_11' title="bbox 132 1099 1677 1175; baseline 0.005 -21"><span class='ocrx_word' id='word_1_88' title='bbox 132 1099 412 1155; x_wconf 77' lang='lat' dir='ltr'><em>Catliolicos</em></span> <span class='ocrx_word' id='word_1_89' title='bbox 453 1120 557 1155; x_wconf 88' lang='lat' dir='ltr'><em>non</em></span> <span class='ocrx_word' id='word_1_90' title='bbox 599 1113 669 1156; x_wconf 87' lang='lat' dir='ltr'><em>est</em></span> <span class='ocrx_word' id='word_1_91' title='bbox 708 1102 962 1175; x_wconf 87' lang='lat' dir='ltr'><em>ineptum,</em></span> <span class='ocrx_word' id='word_1_92' title='bbox 1007 1122 1109 1157; x_wconf 87' lang='lat' dir='ltr'><em>non</em></span> <span class='ocrx_word' id='word_1_93' title='bbox 1151 1116 1320 1158; x_wconf 89' lang='lat' dir='ltr'><em>tamen</em></span> <span class='ocrx_word' id='word_1_94' title='bbox 1362 1105 1677 1161; x_wconf 82' lang='lat' dir='ltr'><em>convincens.</em></span> 
     </span>
     <span class='ocr_line' id='line_1_12' title="bbox 210 1192 1854 1270; baseline 0.003 -21"><span class='ocrx_word' id='word_1_95' title='bbox 210 1192 552 1251; x_wconf 81' lang='lat' dir='ltr'><em>Veruntamen</em></span> <span class='ocrx_word' id='word_1_96' title='bbox 595 1215 694 1252; x_wconf 91' lang='lat' dir='ltr'><em>non</em></span> <span class='ocrx_word' id='word_1_97' title='bbox 737 1216 799 1252; x_wconf 84' lang='lat' dir='ltr'><em>ex</em></span> <span class='ocrx_word' id='word_1_98' title='bbox 842 1196 1095 1267; x_wconf 78' lang='lat' dir='ltr'><em>omnibUS,</em></span> <span class='ocrx_word' id='word_1_99' title='bbox 1123 1200 1325 1270; x_wconf 88' lang='lat' dir='ltr'><em>quaein</em></span> <span class='ocrx_word' id='word_1_100' title='bbox 1355 1200 1507 1253; x_wconf 83' lang='lat' dir='ltr'><em>veteri</em></span> <span class='ocrx_word' id='word_1_101' title='bbox 1531 1197 1854 1255; x_wconf 86' lang='lat' dir='ltr'><em>Testamento</em></span> 
     </span>
     <span class='ocr_line' id='line_1_13' title="bbox 131 1289 1852 1365; baseline 0.002 -22"><span class='ocrx_word' id='word_1_102' title='bbox 131 1289 318 1362; x_wconf 84' lang='lat' dir='ltr'><em>scripta</em></span> <span class='ocrx_word' id='word_1_103' title='bbox 345 1302 477 1360; x_wconf 80' lang='lat' dir='ltr'><em>sunt,</em></span> <span class='ocrx_word' id='word_1_104' title='bbox 504 1290 619 1345; x_wconf 89' lang='lat' dir='ltr'><em>licet</em></span> <span class='ocrx_word' id='word_1_105' title='bbox 661 1303 954 1362; x_wconf 83' lang='lat' dir='ltr'><em>argumenta</em></span> <span class='ocrx_word' id='word_1_106' title='bbox 997 1311 1244 1365; x_wconf 78' lang='lat' dir='ltr'><em>promere.</em></span> <span class='ocrx_word' id='word_1_107' title='bbox 1288 1292 1560 1348; x_wconf 85' lang='lat' dir='ltr'><em>Enimvero</em></span> <span class='ocrx_word' id='word_1_108' title='bbox 1603 1293 1852 1365; x_wconf 81' lang='lat' dir='ltr'><em>quaedam</em></span> 
     </span>
     <span class='ocr_line' id='line_1_14' title="bbox 138 1384 1856 1458; baseline 0.003 -21"><span class='ocrx_word' id='word_1_109' title='bbox 138 1384 190 1437; x_wconf 90' lang='lat' dir='ltr'><em>in</em></span> <span class='ocrx_word' id='word_1_110' title='bbox 232 1403 288 1439; x_wconf 90' lang='lat' dir='ltr'><em>eo</em></span> <span class='ocrx_word' id='word_1_111' title='bbox 333 1396 481 1453; x_wconf 74' lang='lat' dir='ltr'><em>sunt,</em></span> <span class='ocrx_word' id='word_1_112' title='bbox 541 1403 669 1458; x_wconf 91' lang='lat' dir='ltr'><em>quae</em></span> <span class='ocrx_word' id='word_1_113' title='bbox 728 1397 1074 1440; x_wconf 85' lang='lat' dir='ltr'><em>consummato</em></span> <span class='ocrx_word' id='word_1_114' title='bbox 1135 1384 1327 1441; x_wconf 77' lang='lat' dir='ltr'><em>Christi</em></span> <span class='ocrx_word' id='word_1_115' title='bbox 1387 1399 1547 1442; x_wconf 84' lang='lat' dir='ltr'><em>morte</em></span> <span class='ocrx_word' id='word_1_116' title='bbox 1607 1388 1856 1442; x_wconf 89' lang='lat' dir='ltr'><em>humanae</em></span> 
     </span>
     <span class='ocr_line' id='line_1_15' title="bbox 131 1476 1853 1556; baseline 0.003 -25"><span class='ocrx_word' id='word_1_117' title='bbox 131 1476 489 1551; x_wconf 82' lang='lat' dir='ltr'><em>redemptionis</em></span> <span class='ocrx_word' id='word_1_118' title='bbox 552 1480 792 1549; x_wconf 76' lang='lat' dir='ltr'><em>mysterio</em></span> <span class='ocrx_word' id='word_1_119' title='bbox 854 1481 922 1535; x_wconf 84' lang='lat' dir='ltr'><em>ita</em></span> <span class='ocrx_word' id='word_1_120' title='bbox 966 1479 1361 1550; x_wconf 77' lang='lat' dir='ltr'><em>interciderunt,</em></span> <span class='ocrx_word' id='word_1_121' title='bbox 1406 1493 1458 1536; x_wconf 89' lang='lat' dir='ltr'><em>ut</em></span> <span class='ocrx_word' id='word_1_122' title='bbox 1501 1483 1607 1537; x_wconf 91' lang='lat' dir='ltr'><em>sine</em></span> <span class='ocrx_word' id='word_1_123' title='bbox 1650 1493 1853 1556; x_wconf 84' lang='lat' dir='ltr'><em>peceato</em></span> 
     </span>
     <span class='ocr_line' id='line_1_16' title="bbox 130 1572 1856 1650; baseline 0.003 -24"><span class='ocrx_word' id='word_1_124' title='bbox 130 1574 363 1646; x_wconf 86' lang='lat' dir='ltr'><em>usurpari</em></span> <span class='ocrx_word' id='word_1_125' title='bbox 406 1572 624 1647; x_wconf 91' lang='lat' dir='ltr'><em>amplius</em></span> <span class='ocrx_word' id='word_1_126' title='bbox 668 1586 947 1647; x_wconf 75' lang='lat' dir='ltr'><em>nequeant3</em></span> <span class='ocrx_word' id='word_1_127' title='bbox 990 1574 1240 1648; x_wconf 85' lang='lat' dir='ltr'><em>quaedam</em></span> <span class='ocrx_word' id='word_1_128' title='bbox 1283 1578 1434 1630; x_wconf 80' lang='lat' dir='ltr'><em>etiam</em></span> <span class='ocrx_word' id='word_1_129' title='bbox 1479 1595 1578 1632; x_wconf 90' lang='lat' dir='ltr'><em>non</em></span> <span class='ocrx_word' id='word_1_130' title='bbox 1607 1578 1856 1650; x_wconf 83' lang='lat' dir='ltr'><em>praescri-</em></span> 
     </span>
     <span class='ocr_line' id='line_1_17' title="bbox 129 1668 1922 1743; baseline 0.003 -23"><span class='ocrx_word' id='word_1_131' title='bbox 129 1678 236 1740; x_wconf 79' lang='lat' dir='ltr'><em>pta,</em></span> <span class='ocrx_word' id='word_1_132' title='bbox 281 1685 438 1740; x_wconf 88' lang='lat' dir='ltr'><em>neque</em></span> <span class='ocrx_word' id='word_1_133' title='bbox 480 1668 747 1740; x_wconf 82' lang='lat' dir='ltr'><em>imperata,</em></span> <span class='ocrx_word' id='word_1_134' title='bbox 792 1668 879 1723; x_wconf 91' lang='lat' dir='ltr'><em>sed</em></span> <span class='ocrx_word' id='word_1_135' title='bbox 923 1669 1269 1726; x_wconf 84' lang='lat' dir='ltr'><em>tantummodo</em></span> <span class='ocrx_word' id='word_1_136' title='bbox 1312 1672 1558 1743; x_wconf 85' lang='lat' dir='ltr'><em>permissa</em></span> <span class='ocrx_word' id='word_1_137' title='bbox 1602 1683 1687 1726; x_wconf 87' lang='lat' dir='ltr'><em>aut</em></span> <span class='ocrx_word' id='word_1_138' title='bbox 1735 1671 1856 1726; x_wconf 89' lang='lat' dir='ltr'><em>tole·</em></span> <span class='ocrx_word' id='word_1_139' title='bbox 1917 1694 1922 1699; x_wconf 91' lang='lat'><strong>·</strong></span> 
     </span>
     <span class='ocr_line' id='line_1_18' title="bbox 132 1762 1855 1837; baseline 0.004 -22"><span class='ocrx_word' id='word_1_140' title='bbox 132 1773 280 1831; x_wconf 80' lang='lat' dir='ltr'><em>rata,</em></span> <span class='ocrx_word' id='word_1_141' title='bbox 325 1762 573 1835; x_wconf 82' lang='lat' dir='ltr'><em>quaedam</em></span> <span class='ocrx_word' id='word_1_142' title='bbox 618 1762 832 1837; x_wconf 89' lang='lat' dir='ltr'><em>denique</em></span> <span class='ocrx_word' id='word_1_143' title='bbox 876 1764 1031 1819; x_wconf 91' lang='lat' dir='ltr'><em>solius</em></span> <span class='ocrx_word' id='word_1_144' title='bbox 1074 1767 1235 1835; x_wconf 79' lang='lat' dir='ltr'><em>gentis</em></span> <span class='ocrx_word' id='word_1_145' title='bbox 1279 1766 1415 1821; x_wconf 87' lang='lat' dir='ltr'><em>illius</em></span> <span class='ocrx_word' id='word_1_146' title='bbox 1459 1768 1693 1837; x_wconf 84' lang='lat' dir='ltr'><em>regimini</em></span> <span class='ocrx_word' id='word_1_147' title='bbox 1737 1786 1855 1822; x_wconf 90' lang='lat' dir='ltr'><em>con-</em></span> 
     </span>
     <span class='ocr_line' id='line_1_19' title="bbox 129 1856 1854 1932; baseline 0.004 -22"><span class='ocrx_word' id='word_1_148' title='bbox 129 1868 364 1911; x_wconf 89' lang='lat' dir='ltr'><em>sentanea</em></span> <span class='ocrx_word' id='word_1_149' title='bbox 407 1856 622 1913; x_wconf 86' lang='lat' dir='ltr'><em>fuerunt.</em></span> <span class='ocrx_word' id='word_1_150' title='bbox 668 1857 865 1913; x_wconf 89' lang='lat' dir='ltr'><em>Horum</em></span> <span class='ocrx_word' id='word_1_151' title='bbox 907 1860 1075 1932; x_wconf 88' lang='lat' dir='ltr'><em>itaque</em></span> <span class='ocrx_word' id='word_1_152' title='bbox 1119 1860 1284 1914; x_wconf 88' lang='lat' dir='ltr'><em>nullus</em></span> <span class='ocrx_word' id='word_1_153' title='bbox 1328 1880 1466 1929; x_wconf 77' lang='lat' dir='ltr'><em>usus,</em></span> <span class='ocrx_word' id='word_1_154' title='bbox 1503 1861 1638 1915; x_wconf 88' lang='lat' dir='ltr'><em>nulla</em></span> <span class='ocrx_word' id='word_1_155' title='bbox 1683 1873 1854 1917; x_wconf 85' lang='lat' dir='ltr'><em>aucto-</em></span> 
     </span>
     <span class='ocr_line' id='line_1_20' title="bbox 130 1950 1854 2028; baseline 0.002 -22"><span class='ocrx_word' id='word_1_156' title='bbox 130 1952 250 2006; x_wconf 84' lang='lat' dir='ltr'><em>ritas</em></span> <span class='ocrx_word' id='word_1_157' title='bbox 294 1963 368 2006; x_wconf 90' lang='lat' dir='ltr'><em>est</em></span> <span class='ocrx_word' id='word_1_158' title='bbox 409 1953 460 2006; x_wconf 88' lang='lat' dir='ltr'><em>in</em></span> <span class='ocrx_word' id='word_1_159' title='bbox 503 1950 624 2007; x_wconf 86' lang='lat' dir='ltr'><em>Jure</em></span> <span class='ocrx_word' id='word_1_160' title='bbox 668 1950 963 2023; x_wconf 78' lang='lat' dir='ltr'><em>Canonico,</em></span> <span class='ocrx_word' id='word_1_161' title='bbox 1008 1974 1094 2009; x_wconf 86' lang='lat' dir='ltr'><em>nec</em></span> <span class='ocrx_word' id='word_1_162' title='bbox 1145 1974 1252 2009; x_wconf 88' lang='lat' dir='ltr'><em>esse</em></span> <span class='ocrx_word' id='word_1_163' title='bbox 1302 1967 1480 2028; x_wconf 85' lang='lat' dir='ltr'><em>potest.</em></span> <span class='ocrx_word' id='word_1_164' title='bbox 1543 1953 1638 2011; x_wconf 91' lang='lat' dir='ltr'><em>His</em></span> <span class='ocrx_word' id='word_1_165' title='bbox 1699 1957 1854 2026; x_wconf 82' lang='lat' dir='ltr'><em>igitur</em></span> 
     </span>
     <span class='ocr_line' id='line_1_21' title="bbox 128 2047 1846 2122; baseline 0.003 -22"><span class='ocrx_word' id='word_1_166' title='bbox 128 2047 350 2116; x_wconf 74' lang='lat' dir='ltr'><em>omissiS‚</em></span> <span class='ocrx_word' id='word_1_167' title='bbox 394 2066 456 2101; x_wconf 80' lang='lat' dir='ltr'><em>ex</em></span> <span class='ocrx_word' id='word_1_168' title='bbox 500 2048 707 2120; x_wconf 85' lang='lat' dir='ltr'><em>reliquis</em></span> <span class='ocrx_word' id='word_1_169' title='bbox 761 2051 938 2104; x_wconf 80' lang='lat' dir='ltr'><em>veteris</em></span> <span class='ocrx_word' id='word_1_170' title='bbox 999 2048 1309 2104; x_wconf 82' lang='lat' dir='ltr'><em>Testamenti</em></span> <span class='ocrx_word' id='word_1_171' title='bbox 1371 2050 1494 2104; x_wconf 87' lang='lat' dir='ltr'><em>locis</em></span> <span class='ocrx_word' id='word_1_172' title='bbox 1556 2063 1846 2122; x_wconf 81' lang='lat' dir='ltr'><em>argumenta</em></span> 
     </span>
     <span class='ocr_line' id='line_1_22' title="bbox 126 2140 1852 2219; baseline 0.003 -26"><span class='ocrx_word' id='word_1_173' title='bbox 126 2140 339 2213; x_wconf 87' lang='lat' dir='ltr'><em>petenda</em></span> <span class='ocrx_word' id='word_1_174' title='bbox 400 2154 558 2197; x_wconf 84' lang='lat' dir='ltr'><em>erunt.</em></span> <span class='ocrx_word' id='word_1_175' title='bbox 620 2140 700 2194; x_wconf 73' lang='lat' dir='ltr'><em>Ex</em></span> <span class='ocrx_word' id='word_1_176' title='bbox 749 2143 931 2215; x_wconf 88' lang='lat' dir='ltr'><em>quibus</em></span> <span class='ocrx_word' id='word_1_177' title='bbox 975 2144 1180 2217; x_wconf 87' lang='lat' dir='ltr'><em>insuper</em></span> <span class='ocrx_word' id='word_1_178' title='bbox 1221 2143 1448 2199; x_wconf 88' lang='lat' dir='ltr'><em>Ecclesia</em></span> <span class='ocrx_word' id='word_1_179' title='bbox 1492 2142 1852 2219; x_wconf 80' lang='lat' dir='ltr'><em>Apostolorum</em></span> 
     </span>
     <span class='ocr_line' id='line_1_23' title="bbox 129 2235 1851 2311; baseline 0.003 -22"><span class='ocrx_word' id='word_1_180' title='bbox 129 2235 355 2304; x_wconf 81' lang='lat' dir='ltr'><em>vestigiis</em></span> <span class='ocrx_word' id='word_1_181' title='bbox 382 2236 636 2304; x_wconf 83' lang='lat' dir='ltr'><em>insistens,</em></span> <span class='ocrx_word' id='word_1_182' title='bbox 664 2255 726 2289; x_wconf 78' lang='lat' dir='ltr'><em>ex</em></span> <span class='ocrx_word' id='word_1_183' title='bbox 769 2239 1046 2311; x_wconf 80' lang='lat' dir='ltr'><em>praeceptis</em></span> <span class='ocrx_word' id='word_1_184' title='bbox 1091 2239 1541 2295; x_wconf 84' lang='lat' dir='ltr'><em>caeremonialibus</em></span> <span class='ocrx_word' id='word_1_185' title='bbox 1587 2240 1851 2295; x_wconf 88' lang='lat' dir='ltr'><em>nonnullos</em></span> 
     </span>
     <span class='ocr_line' id='line_1_24' title="bbox 127 2327 1851 2408; baseline 0.003 -25"><span class='ocrx_word' id='word_1_186' title='bbox 127 2330 252 2384; x_wconf 87' lang='lat' dir='ltr'><em>ritus</em></span> <span class='ocrx_word' id='word_1_187' title='bbox 298 2327 592 2403; x_wconf 75' lang='lat' dir='ltr'><em>adoptavit,</em></span> <span class='ocrx_word' id='word_1_188' title='bbox 637 2333 723 2402; x_wconf 87' lang='lat' dir='ltr'><em>qui</em></span> <span class='ocrx_word' id='word_1_189' title='bbox 768 2331 940 2387; x_wconf 86' lang='lat' dir='ltr'><em>divino</em></span> <span class='ocrx_word' id='word_1_190' title='bbox 985 2334 1139 2388; x_wconf 86' lang='lat' dir='ltr'><em>cultui</em></span> <span class='ocrx_word' id='word_1_191' title='bbox 1183 2334 1292 2408; x_wconf 91' lang='lat' dir='ltr'><em>plus</em></span> <span class='ocrx_word' id='word_1_192' title='bbox 1346 2333 1542 2389; x_wconf 84' lang='lat' dir='ltr'><em>decoris</em></span> <span class='ocrx_word' id='word_1_193' title='bbox 1603 2335 1851 2403; x_wconf 78' lang='lat' dir='ltr'><em>afferunt,</em></span> 
     </span>
     <span class='ocr_line' id='line_1_25' title="bbox 126 2426 1851 2501; baseline 0.004 -22"><span class='ocrx_word' id='word_1_194' title='bbox 126 2426 411 2496; x_wconf 87' lang='lat' dir='ltr'><em>cujusmodi</em></span> <span class='ocrx_word' id='word_1_195' title='bbox 455 2438 568 2481; x_wconf 85' lang='lat' dir='ltr'><em>sunt</em></span> <span class='ocrx_word' id='word_1_196' title='bbox 610 2428 910 2501; x_wconf 85' lang='lat' dir='ltr'><em>templorum</em></span> <span class='ocrx_word' id='word_1_197' title='bbox 954 2429 1228 2498; x_wconf 77' lang='lat' dir='ltr'><em>dedicatio,</em></span> <span class='ocrx_word' id='word_1_198' title='bbox 1273 2450 1445 2485; x_wconf 82' lang='lat' dir='ltr'><em>sacrae</em></span> <span class='ocrx_word' id='word_1_199' title='bbox 1492 2443 1670 2500; x_wconf 70' lang='lat' dir='ltr'><em>vestes,</em></span> <span class='ocrx_word' id='word_1_200' title='bbox 1714 2431 1851 2500; x_wconf 75' lang='lat' dir='ltr'><em>thuS,</em></span> 
     </span>
     <span class='ocr_line' id='line_1_26' title="bbox 125 2519 1849 2595; baseline 0.003 -20"><span class='ocrx_word' id='word_1_201' title='bbox 125 2519 407 2593; x_wconf 75' lang='lat' dir='ltr'><em>lampades,</em></span> <span class='ocrx_word' id='word_1_202' title='bbox 436 2533 630 2591; x_wconf 74' lang='lat' dir='ltr'><em>cantUS,</em></span> <span class='ocrx_word' id='word_1_203' title='bbox 656 2533 703 2576; x_wconf 88' lang='lat' dir='ltr'><em>et</em></span> <span class='ocrx_word' id='word_1_204' title='bbox 737 2523 836 2577; x_wconf 86' lang='lat' dir='ltr'><em>alia</em></span> <span class='ocrx_word' id='word_1_205' title='bbox 880 2523 1105 2592; x_wconf 84' lang='lat' dir='ltr'><em>ejusdem</em></span> <span class='ocrx_word' id='word_1_206' title='bbox 1148 2526 1375 2595; x_wconf 73' lang='lat' dir='ltr'><em>generis3</em></span> <span class='ocrx_word' id='word_1_207' title='bbox 1419 2544 1479 2580; x_wconf 78' lang='lat' dir='ltr'><em>ex</em></span> <span class='ocrx_word' id='word_1_208' title='bbox 1521 2525 1849 2594; x_wconf 86' lang='lat' dir='ltr'><em>judicialibus</em></span> 
     </span>
     <span class='ocr_line' id='line_1_27' title="bbox 126 2614 1851 2693; baseline 0.002 -23"><span class='ocrx_word' id='word_1_209' title='bbox 126 2632 242 2670; x_wconf 86' lang='lat' dir='ltr'><em>vero</em></span> <span class='ocrx_word' id='word_1_210' title='bbox 305 2614 616 2690; x_wconf 86' lang='lat' dir='ltr'><em>deprompsit</em></span> <span class='ocrx_word' id='word_1_211' title='bbox 677 2637 787 2691; x_wconf 82' lang='lat' dir='ltr'><em>cap.</em></span> <span class='ocrx_word' id='word_1_212' title='bbox 834 2615 855 2670; x_wconf 94' lang='lat' dir='ltr'>I</span> <span class='ocrx_word' id='word_1_213' title='bbox 900 2617 960 2671; x_wconf 89' lang='lat' dir='ltr'><em>de</em></span> <span class='ocrx_word' id='word_1_214' title='bbox 1014 2619 1333 2688; x_wconf 77' lang='lat' dir='ltr'><em>homicidio,</em></span> <span class='ocrx_word' id='word_1_215' title='bbox 1384 2640 1493 2693; x_wconf 86' lang='lat' dir='ltr'><em>cap.</em></span> <span class='ocrx_word' id='word_1_216' title='bbox 1541 2617 1563 2672; x_wconf 93' lang='lat' dir='ltr'>I</span> <span class='ocrx_word' id='word_1_217' title='bbox 1606 2631 1651 2672; x_wconf 89' lang='lat' dir='ltr'><em>et</em></span> <span class='ocrx_word' id='word_1_218' title='bbox 1697 2617 1745 2673; x_wconf 93' lang='lat' dir='ltr'><em>II</em></span> <span class='ocrx_word' id='word_1_219' title='bbox 1790 2619 1851 2674; x_wconf 88' lang='lat' dir='ltr'><em>de</em></span> 
     </span>
     <span class='ocr_line' id='line_1_28' title="bbox 126 2707 1846 2788; baseline 0.006 -27"><span class='ocrx_word' id='word_1_220' title='bbox 126 2707 371 2765; x_wconf 86' lang='lat' dir='ltr'><em>adulterio</em></span> <span class='ocrx_word' id='word_1_221' title='bbox 414 2723 460 2765; x_wconf 86' lang='lat' dir='ltr'><em>et</em></span> <span class='ocrx_word' id='word_1_222' title='bbox 503 2723 695 2785; x_wconf 74' lang='lat' dir='ltr'><em>stupra,</em></span> <span class='ocrx_word' id='word_1_223' title='bbox 738 2732 848 2786; x_wconf 82' lang='lat' dir='ltr'><em>cap.</em></span> <span class='ocrx_word' id='word_1_224' title='bbox 894 2711 917 2766; x_wconf 95' lang='lat' dir='ltr'>I</span> <span class='ocrx_word' id='word_1_225' title='bbox 962 2713 1022 2768; x_wconf 91' lang='lat' dir='ltr'><em>de</em></span> <span class='ocrx_word' id='word_1_226' title='bbox 1065 2713 1232 2783; x_wconf 76' lang='lat' dir='ltr'><em>furtis,</em></span> <span class='ocrx_word' id='word_1_227' title='bbox 1277 2734 1386 2788; x_wconf 89' lang='lat' dir='ltr'><em>cap.</em></span> <span class='ocrx_word' id='word_1_228' title='bbox 1433 2713 1472 2769; x_wconf 90' lang='lat' dir='ltr'><em>I.</em></span> <span class='ocrx_word' id='word_1_229' title='bbox 1520 2712 1586 2769; x_wconf 87' lang='lat' dir='ltr'><em>Il.</em></span> <span class='ocrx_word' id='word_1_230' title='bbox 1630 2711 1724 2770; x_wconf 90' lang='grc' dir='ltr'><strong>ΙΙΙ.</strong></span> <span class='ocrx_word' id='word_1_231' title='bbox 1755 2712 1846 2771; x_wconf 90' lang='lat' dir='ltr'><em>IV.</em></span> 
     </span>
     <span class='ocr_line' id='line_1_29' title="bbox 126 2800 1848 2882; baseline 0.005 -28"><span class='ocrx_word' id='word_1_232' title='bbox 126 2811 172 2854; x_wconf 87' lang='lat' dir='ltr'><em>et</em></span> <span class='ocrx_word' id='word_1_233' title='bbox 213 2800 277 2857; x_wconf 91' lang='lat' dir='ltr'><em>V.</em></span> <span class='ocrx_word' id='word_1_234' title='bbox 322 2803 383 2858; x_wconf 88' lang='lat' dir='ltr'><em>de</em></span> <span class='ocrx_word' id='word_1_235' title='bbox 427 2806 649 2876; x_wconf 80' lang='lat' dir='ltr'><em>injuriis,</em></span> <span class='ocrx_word' id='word_1_236' title='bbox 693 2818 738 2860; x_wconf 85' lang='lat' dir='ltr'><em>et</em></span> <span class='ocrx_word' id='word_1_237' title='bbox 782 2807 1076 2878; x_wconf 85' lang='lat' dir='ltr'><em>hujusmodi</em></span> <span class='ocrx_word' id='word_1_238' title='bbox 1123 2808 1241 2864; x_wconf 86' lang='lat' dir='ltr'><em>alia.</em></span> <span class='ocrx_word' id='word_1_239' title='bbox 1288 2807 1343 2863; x_wconf 84' lang='lat' dir='ltr'><em>Si</em></span> <span class='ocrx_word' id='word_1_240' title='bbox 1387 2810 1498 2880; x_wconf 86' lang='lat' dir='ltr'><em>quis</em></span> <span class='ocrx_word' id='word_1_241' title='bbox 1545 2827 1681 2878; x_wconf 78' lang='lat' dir='ltr'><em>vero,</em></span> <span class='ocrx_word' id='word_1_242' title='bbox 1712 2809 1848 2882; x_wconf 89' lang='lat' dir='ltr'><em>quod</em></span> 
     </span>
     <span class='ocr_line' id='line_1_30' title="bbox 126 2893 1848 2975; baseline 0.005 -25"><span class='ocrx_word' id='word_1_243' title='bbox 126 2893 465 2953; x_wconf 77' lang='lat' dir='ltr'><em>protestantes</em></span> <span class='ocrx_word' id='word_1_244' title='bbox 495 2898 704 2970; x_wconf 84' lang='lat' dir='ltr'><em>faciunt,</em></span> <span class='ocrx_word' id='word_1_245' title='bbox 733 2901 952 2975; x_wconf 86' lang='lat' dir='ltr'><em>aliquem</em></span> <span class='ocrx_word' id='word_1_246' title='bbox 997 2901 1344 2958; x_wconf 83' lang='lat' dir='ltr'><em>Hebraeorum</em></span> <span class='ocrx_word' id='word_1_247' title='bbox 1389 2904 1560 2971; x_wconf 79' lang='lat' dir='ltr'><em>ritum,</em></span> <span class='ocrx_word' id='word_1_248' title='bbox 1589 2903 1665 2958; x_wconf 90' lang='lat' dir='ltr'><em>vel</em></span> <span class='ocrx_word' id='word_1_249' title='bbox 1710 2904 1848 2959; x_wconf 87' lang='lat' dir='ltr'><em>aliud</em></span> 
     </span>
    </p>
   </div>
  </div>
 </body>
</html>
