2114 3289
522 106 569 182 ἓ.
615 129 717 165 Lxl.
766 129 825 164 DE
871 130 1028 166 nssssus
1071 129 1445 166 srmlrnAuBus
1648 114 1754 165 2⁶27

120 231 358 298 bernare,
385 230 670 296 moderari,
698 249 824 303 quae
868 232 932 286 ad
975 243 1232 286 externam
1275 232 1688 302 gubernationem
1731 251 1842 305 per-

121 327 294 382 tinent.
356 324 486 380 Hinc
546 325 716 397 opinio
777 344 986 394 eorum,
1040 327 1127 397 qui
1169 324 1494 399 Principibus
1540 336 1836 399 potestatem

120 418 344 473 tribuunt
402 417 720 472 ferendarum
780 418 945 487 legum
1001 418 1061 473 de
1113 430 1316 472 externa
1360 417 1667 490 disciplina,
1710 417 1840 471 milti

119 512 343 580 videtur,
372 513 441 566 ait
484 510 545 566 B.
592 509 880 565 Cardinalis
923 510 1230 566 Thomasius
1276 530 1445 584 opusc.
1496 513 1564 564 16
1611 523 1731 568 tom.
1781 516 1833 582 7,

119 606 376 659 continere
429 605 677 659 haeresim
729 605 1009 676 oppositam
1054 604 1353 658 revelationi
1397 604 1646 671 divinae,
1689 624 1844 676 qnam

117 700 258 753 nobis
318 700 572 753 Domi-nus
632 698 974 771 manifestavit
1032 698 1089 752 in
1147 698 1294 752 libris
1345 699 1461 752 novi
1513 700 1840 756 Testamenti.

117 793 410 865 Disciplina
463 794 598 848 enim
642 793 872 847 eoeterior
899 804 943 847 et
976 793 1192 847 visibilis
1234 792 1490 847 Ecclesiae
1533 794 1632 847 sita
1674 805 1742 848 est
1784 794 1844 848 in

116 886 367 958 reqiinine
428 887 682 941 Ecclesiae
741 887 997 957 visibitis,-
1059 887 1195 958 qaod
1236 887 1465 958 regimen
1506 905 1608 940 non
1651 888 1839 955 homa,

116 981 204 1035 secl
262 986 400 1036 Deus
465 1001 566 1036 non
629 981 887 1053 Regibus,
939 981 1026 1035 sed
1068 982 1334 1054 Episcopis
1374 982 1557 1049 dedit,
1600 993 1655 1035 ut
1699 986 1842 1036 Deus

119 1075 224 1147 ipse
285 1076 527 1130 revelavit
577 1095 677 1148 per
737 1094 788 1129 os
830 1074 1059 1149 Apostoli
1102 1076 1356 1130 dicentis:
1402 1077 1661 1131 Attendite
1705 1077 1842 1131 cobis

118 1180 162 1222 et
205 1169 441 1224 universo
483 1171 664 1241 φερέ,
716 1170 773 1224 in
821 1187 919 1240 qao
976 1188 1058 1223 vos
1118 1170 1343 1242 Spiritus
1403 1174 1618 1226 Sanctus
1668 1171 1841 1243 posuit

118 1263 390 1336 Episcopos
433 1286 628 1320 REGERE
672 1264 954 1318 Ecclesiam
996 1265 1114 1321 Dei.

199 1356 376 1432 Neque
437 1360 614 1429 dicas,
658 1371 887 1413 externas
932 1378 1009 1414 res
1055 1377 1225 1414 omnes
1268 1360 1320 1413 in
1362 1357 1658 1433 Principum
1702 1372 1838 1433 pote-

119 1463 243 1507 state
283 1456 404 1508 sitas
447 1473 590 1523 esse,
634 1455 818 1526 quippe
860 1451 1087 1507 Ecclesia
1131 1471 1229 1507 non
1272 1472 1423 1526 puros
1453 1455 1658 1526 spiritus
1686 1455 1833 1524 regit,

118 1546 204 1601 sed
248 1547 476 1602 homines
520 1567 728 1621 corpore
771 1559 817 1601 et
861 1548 1041 1620 spiritu
1072 1559 1348 1615 concretOS,
1377 1546 1600 1620 adeoque
1627 1549 1837 1603 societas

117 1653 320 1695 externa
363 1653 435 1695 est
478 1653 524 1695 et
567 1642 802 1696 visibilis.
849 1639 1116 1696 Praeterea
1161 1653 1564 1713 consequeretur,
1602 1661 1700 1697 non
1744 1641 1840 1696 Ec-

119 1735 318 1804 clesiae,
346 1736 432 1790 sed
460 1736 598 1791 civili
627 1733 844 1809 Imperio
888 1746 1182 1809 potestatem
1225 1754 1330 1789 esse
1375 1736 1508 1790 circa
1553 1735 1836 1791 doctrinam

119 1828 235 1882 fidei
279 1841 324 1883 et
366 1841 627 1903 praecepta
672 1848 896 1899 morum,
942 1827 1382 1884 Sacramentorum
1436 1829 1836 1885 administratio-

117 1941 250 1992 nem,
293 1924 570 1994 liturgiam,
613 1925 944 1978 caerimonias
988 1922 1148 1977 divini
1193 1922 1372 1991 cultus,
1418 1923 1616 1996 aliaque
1659 1924 1712 1978 id
1755 1943 1839 1995 ge-

120 2037 231 2087 nus,
258 2038 384 2090 quae
410 2018 603 2073 actibus
632 2018 877 2090 rebusque
903 2018 1120 2071 externis
1155 2028 1202 2071 et
1246 2017 1531 2072 visibilibus
1576 2030 1832 2074 constant:

120 2112 255 2184 quod
298 2131 441 2166 nemo
487 2113 762 2167 catholicus
807 2112 1095 2167 affirmabit.

198 2205 385 2260 Verum
429 2204 820 2261 Canonistarum
865 2207 1023 2278 aliqui
1067 2207 1220 2260 aliam
1264 2205 1467 2262 favendi
1509 2204 1835 2281 Principibus

118 2301 362 2355 rationem
405 2301 768 2370 excogitarunt.
814 2299 999 2356 Dicunt
1040 2303 1201 2369 enim,
1246 2301 1522 2356 catholicos
1574 2299 1837 2374 Principes

118 2413 223 2449 esse
266 2393 520 2448 Ecclesiae
562 2414 919 2467 sacrorumque
963 2414 1209 2450 canonum
1248 2406 1454 2464 tutores,
1482 2412 1602 2465 quos
1628 2394 1836 2464 scilicet,

118 2500 169 2542 ut
224 2489 292 2542 ait
354 2486 637 2543 Concilium
698 2487 1053 2543 Tridentinum
1097 2509 1218 2544 sess.
1269 2491 1338 2542 25
1385 2509 1493 2562 cap.
1544 2492 1614 2542 20
1661 2489 1721 2544 de
1766 2509 1840 2544 re-

118 2581 292 2650 form„
355 2586 492 2636 Dens
552 2592 751 2635 sanctae
805 2582 931 2655 ficlei
992 2583 1342 2654 Ecclesiaeqne
1388 2594 1696 2654 protectores
1741 2601 1837 2639 esse

117 2675 294 2732 voluit.
356 2675 493 2730 Istud
555 2695 670 2732 vero
732 2676 950 2732 officium
1013 2679 1236 2733 tuitionis
1281 2696 1540 2732 sacrorum
1585 2697 1832 2732 canonum

122 2772 189 2824 ita
252 2771 484 2836 dilatant,
548 2785 599 2827 ut
657 2791 719 2827 ex
780 2772 1026 2847 tutoribus
1071 2772 1381 2843 legislatores
1427 2772 1649 2840 faciant,
1702 2791 1838 2826 cum-

122 2886 215 2938 que
284 2867 480 2936 juribus
544 2868 796 2924 decertare
857 2880 1137 2940 nequeant,
1200 2867 1264 2922 ad
1325 2866 1457 2922 sacta
1518 2867 1840 2938 confugiunt,
