2114 3289
647 123 691 198 §-
738 147 872 184 Lvm.
920 147 980 183 DE
1024 147 1304 184 ΕιΕοΤιοΝΕ
1636 131 1746 183 219

117 268 454 307 successorem
515 249 850 320 designarent.
913 248 1014 307 Sed
1057 249 1295 307 Summus
1338 245 1575 306 Pontifex
1616 247 1825 306 Hilarus

117 343 344 401 Concilio
387 343 918 417 duodequinquaginta
943 343 1311 419 Episcoporum
1336 342 1532 399 Romae
1557 343 1827 412 celebratO,

115 439 334 512 quinque
392 456 605 493 canones
659 437 724 492 ad
767 438 1166 494 constituendam
1208 436 1463 494 Ecclesiae
1505 437 1830 512 disciplinam

115 531 310 600 edidit,
369 543 516 604 atque
566 532 747 587 horum
788 543 1042 606 postremo
1085 533 1252 600 cavit,
1294 549 1357 585 ne
1399 531 1512 603 quis
1553 531 1832 604 Episcopus

113 623 228 705 Sibi,
252 624 458 696 eligeret
499 641 846 682 successorem.
899 623 1053 693 Quod
1097 644 1215 681 vero
1258 625 1323 681 ad
1365 623 1638 702 Pontifices
1681 626 1833 700 perti-

114 730 215 787 net,
241 720 286 775 si
327 719 531 775 annales
574 731 621 774 et
662 721 895 792 antiquae
937 717 1194 774 Ecclesiae
1238 731 1558 774 monumenta
1602 737 1831 793 perscru-

116 824 312 883 temur,
354 814 545 869 nullum
587 813 810 889 profecto
852 826 1041 869 certum
1083 814 1497 888 exploratumque
1547 814 1832 888 exemplum

114 908 423 963 inveniemus
450 907 599 963 ullius
626 905 912 977 pontificis,
938 910 1027 980 qui
1068 907 1168 963 sibi
1210 905 1563 963 Successorem
1605 907 1827 977 elegerit.

114 998 303 1056 Contra
347 1021 462 1058 vero
505 1013 814 1075 compertum
857 1001 1122 1071 habemus,
1149 1000 1469 1057 Bonifacium
1506 999 1576 1069 lI,
1603 1012 1655 1055 ut
1679 1001 1831 1056 licen-

113 1093 213 1148 tiae
254 1091 451 1164 Regum
494 1090 778 1149 Gothorum
819 1094 870 1148 in
913 1092 1240 1164 designandis
1284 1090 1615 1148 Pontificibus
1659 1110 1832 1147 occur-

116 1197 264 1256 reret,
292 1187 465 1243 habito
493 1185 687 1242 Romae
714 1183 964 1256 Concilio,
991 1187 1199 1258 elegisse
1234 1183 1482 1256 Vigilium
1525 1184 1828 1254 Diaconum,

118 1280 205 1352 qui
254 1280 353 1335 sibi
396 1279 703 1352 succederet,
744 1277 893 1335 Clero
935 1291 1040 1335 tum
1082 1281 1438 1348 consentiente,
1480 1291 1584 1334 tum
1626 1298 1832 1334 consen-

118 1391 229 1428 sum
257 1392 402 1429 suum
425 1372 754 1446 jurejurando
796 1385 845 1428 et
885 1373 1240 1447 chirographis
1284 1372 1629 1428 confirmante.
1674 1370 1831 1443 Cujus

114 1468 208 1536 rei,
233 1479 400 1541 utpote
443 1468 601 1524 sacris
643 1467 838 1538 legibus
881 1478 928 1521 et
957 1466 1180 1522 libertati
1205 1466 1502 1522 electionum
1529 1467 1831 1536 contrariae,

114 1560 240 1618 adeo
283 1561 506 1619 Clericos
548 1574 596 1618 et
638 1561 959 1618 Bonifacium
1001 1563 1168 1636 ipsum
1209 1563 1474 1636 poenituit,
1502 1573 1554 1616 ut
1595 1560 1834 1617 Pontifex

113 1655 215 1712 alio
257 1668 560 1727 congregato
602 1654 854 1726 Concilio,
881 1655 1136 1711 decretum
1179 1656 1465 1727 abrogaret,
1492 1657 1696 1728 ignique
1731 1668 1834 1711 tra-

112 1750 267 1807 deret.
328 1748 504 1823 Itaque
562 1751 606 1805 si
666 1750 914 1806 veteribus
976 1750 1220 1824 exemplis
1272 1749 1507 1805 standum
1548 1762 1662 1819 est,
1705 1751 1828 1806 haec

112 1844 277 1917 potius
321 1843 522 1898 obstant
563 1841 856 1912 hujusmodi
897 1842 1250 1912 electionibuS,
1295 1861 1447 1916 quam
1489 1842 1708 1899 faveant.

191 1935 250 1991 In
292 1935 539 1992 hodierna
584 1954 699 1991 vero
743 1935 1013 2010 disciplina
1057 1935 1288 1991 videntur
1313 1955 1528 1992 canones
1557 1955 1670 1992 cum
1694 1935 1828 1993 facto

111 2029 364 2088 Bonifacii
390 2028 441 2085 II
483 2030 782 2099 consentire,
808 2049 934 2103 quos
976 2028 1223 2101 Pirrhing
1247 2049 1430 2102 magno
1464 2049 1670 2087 numero
1714 2051 1832 2088 con-

111 2127 276 2196 gerit,
319 2137 366 2180 et
407 2123 685 2181 rationibus
729 2125 1120 2197 auctoritateque
1171 2124 1408 2180 illustrat.
1471 2121 1551 2179 Ad
1614 2144 1828 2181 canones

113 2221 324 2276 accessit
365 2219 618 2275 decretum
661 2217 745 2275 Pii
788 2218 891 2289 IV,
933 2240 1033 2294 quo
1076 2221 1324 2275 sancitum
1367 2231 1468 2290 est,
1510 2218 1831 2290 Pontificem,

108 2312 468 2371 Cardinalibus
529 2333 726 2387 quoque
786 2313 1246 2383 consentientibus,
1289 2332 1389 2370 non
1430 2333 1577 2389 posse
1620 2313 1828 2370 Succes-

110 2427 275 2466 sorem
318 2409 418 2464 sibi
459 2407 660 2479 eligere.
712 2406 1011 2479 Raynaldus
1055 2407 1121 2463 ad
1164 2427 1280 2464 ann.
1330 2410 1473 2463 1561
1523 2403 1567 2478 §-
1616 2412 1686 2463 9:
1738 2411 1833 2463 Oc-

110 2503 362 2558 casionem
382 2544 403 2570 ,
452 2504 652 2576 inquit,
712 2501 871 2576 hujus
930 2502 1204 2557 sanctionis
1262 2502 1607 2558 restituendae
1659 2502 1834 2574 potins

108 2615 261 2668 quani
311 2597 694 2664 instituendae,
746 2615 860 2651 cum
903 2596 1023 2671 jam
1062 2597 1186 2652 olim
1227 2597 1285 2652 in
1328 2596 1554 2652 Concilio
1598 2598 1834 2651 Romano

110 2692 199 2746 sub
241 2691 515 2764 Bonifacio
558 2695 628 2746 II
666 2692 1018 2759 emanaverit,
1059 2692 1264 2746 videtur
1307 2709 1374 2745 ea:
1416 2701 1566 2762 parte
1615 2690 1833 2746 innuere

117 2785 416 2843 Victorellus
457 2786 515 2840 in
556 2785 908 2841 additionibus
950 2787 1020 2842 ad
1042 2786 1202 2841 vitam
1228 2785 1320 2840 Pii
1346 2789 1448 2853 IV,
1474 2803 1628 2857 qnam
1653 2785 1834 2841 Diana

101 2890 242 2953 part.
292 2880 363 2933 10
411 2889 556 2938 tract.
602 2884 634 2935 5
680 2902 707 2939 «
749 2884 825 2937 De
861 2891 1105 2953 potestate
1149 2879 1414 2953 Pontificis
1459 2879 1682 2951 eliqendi
1735 2880 1831 2935 sihi
