2114 3289
357 128 431 178 82
474 144 569 180 LIB.
596 143 648 179 11.
672 142 773 178 G.1.
806 141 864 175 DE
893 143 941 175 R.
965 140 1229 176 PONTIFICE
1258 141 1431 184 EJUSQ.
1462 141 1801 178 ADJUTORIBUS

270 246 470 318 inquit,
513 261 778 315 nunquam
819 241 967 296 licuit
1010 242 1315 315 Episcopis3
1359 243 1683 318 Beatificatio
1724 260 1844 317 vero
1878 243 1992 316 pri-

268 339 366 393 mis
407 338 662 393 Ecclesiae
705 335 919 390 saeculis
962 336 1025 390 ab
1066 336 1174 390 illis
1210 337 1381 410 fiebat.
1425 336 1618 394 Primis
1663 338 1854 395 scilicet
1896 336 1992 393 Ec-

270 433 452 488 clesiae
495 432 706 487 saeculis
750 428 991 505 Episcopi
1033 431 1407 506 permittebant,
1450 444 1504 486 ut
1546 433 1697 488 alicui
1741 432 1901 488 cultus
1945 443 1994 486 et

271 527 434 583 honor
475 525 737 580 beatorum
788 526 840 579 in
900 526 1004 580 suis
1064 525 1404 599 peculiaribus
1464 525 1789 582 Dioecesibus
1850 525 1995 580 exhi-

281 620 497 674 beretur.
561 617 893 675 Canonizatio
954 631 1139 689 autem,
1183 638 1281 692 qua
1335 619 1620 674 decernitur
1679 621 1899 694 aliquem
1941 621 1994 673 in

274 712 500 768 Ecclesia
560 715 794 769 universa
837 716 922 788 pio
980 714 1117 769 cultu
1176 727 1223 769 et
1275 714 1465 769 honore
1526 714 1789 769 colendum
1849 732 1992 782 esse,

273 825 529 879 nunquam
573 808 669 862 nisi
722 809 1016 863 auctoritate
1067 806 1290 864 Romani
1343 806 1609 865 Pontificis
1654 809 1761 863 fieri
1805 809 1993 882 potuit3

273 900 408 973 quod
449 901 584 956 idem
622 899 879 957 ¹Gonzalez
925 903 1076 958 citato
1119 902 1230 958 loco
1275 904 1346 957 sic
1389 902 1641 976 explicat:
1688 905 1813 956 Cum
1863 905 1995 958 San-

273 1006 379 1049 ctus
421 997 756 1051 canonizatus
791 987 1119 1070 proponatur
1162 998 1224 1052 ab
1274 998 1507 1052 omnibus
1542 997 1781 1072 fidelibus
1829 997 1996 1052 colen-

275 1091 392 1158 ἀπε,
453 1102 499 1146 et
559 1110 707 1146 nemo
767 1092 869 1146 nisi
930 1093 1184 1165 Pontifex·
1239 1093 1439 1165 praesit
1488 1093 1680 1147 cunctis
1716 1092 1994 1166 fidelibus,

273 1195 473 1239 tantum
514 1186 768 1258 Pontifeec
806 1197 967 1258 potest
1008 1190 1218 1243 Sanetos
1251 1187 1580 1244 canonizare.
1626 1187 1835 1241 Accedit
1859 1186 1997 1258 quod

269 1279 506 1334 solemnis
548 1281 875 1336 canonizatio
919 1291 987 1336 est
1028 1300 1136 1336 tina
1180 1282 1241 1336 cle
1284 1281 1574 1355 majoribus
1616 1281 1821 1348 causiS,
1865 1299 1994 1352 quae

276 1375 414 1431 inter
457 1376 762 1431 christianos
797 1378 1024 1450 proponi
1058 1390 1262 1450 potest,
1309 1389 1354 1432 et
1388 1396 1486 1451 per
1528 1395 1831 1450 consequens
1883 1376 1997 1451 ejus

275 1471 501 1542 eoqnitio
561 1471 632 1525 ad
692 1472 994 1545 Pontificem
1055 1483 1240 1545 spectat
1299 1491 1366 1527 esc
1404 1472 1618 1546 juribus
1660 1472 1899 1527 adductis
1940 1471 1998 1526 in

279 1583 390 1638 cap.
454 1565 689 1639 Majores
749 1566 811 1620 de
873 1567 1138 1638 baptismo,
1201 1567 1405 1622 Deinde
1449 1567 1573 1638 quia
1622 1566 2000 1621 miraculorum

273 1662 574 1733 approbatio
616 1662 752 1716 inter
788 1662 915 1734 fidei
959 1663 1275 1734 quaestiones
1332 1674 1661 1729 recensetur,
1706 1664 1793 1717 sed
1845 1681 2000 1734 qnae-

277 1756 373 1809 stio
428 1756 554 1829 fidei
614 1757 683 1809 acl
750 1757 1051 1830 Pontificem
1112 1758 1386 1829 referenda
1437 1768 1535 1824 est,
1587 1758 1751 1828 iqt'tur
1802 1767 2004 1811 tantum

271 1868 368 1923 per
396 1850 699 1924 Pontificem
742 1851 1076 1906 canonizatus
1112 1852 1317 1925 publice
1361 1852 1603 1906 venerari
1639 1862 1820 1924 potest.
1868 1851 2000 1906 Hinc

276 1944 526 2001 Henricus
570 1945 817 2017 Pirrhing
859 1947 924 2002 ad
975 1947 1205 2002 eumdem
1251 1947 1448 2002 titulun]
1492 1946 1863 2002 Decretalium:
1911 1949 2001 2000 Ea:

279 2056 416 2110 que,
459 2041 658 2112 inquit,
708 2041 933 2112 infertur
993 2042 1129 2112 quod
1172 2042 1412 2115 Episcopi
1456 2061 1559 2095 non
1595 2051 1807 2114 possunt
1850 2059 2002 2095 cano-

275 2133 456 2187 nizare
499 2133 724 2204 aliquem
769 2135 924 2188 etiam
960 2153 1060 2207 pro
1104 2136 1209 2189 suis
1254 2136 1583 2190 Dioecesibus
1626 2147 1849 2202 tantuin,
1895 2136 2002 2189 imo

280 2247 370 2284 nec
428 2232 648 2300 Leqatus
691 2248 723 2283 a
766 2230 924 2285 latere
977 2250 1038 2285 ne
1099 2232 1308 2303 quidem
1370 2250 1438 2286 cat
1497 2232 1708 2304 speciali
1770 2232 2004 2286 commis-

278 2324 417 2378 sione
462 2324 664 2379 Summi
708 2326 994 2398 Pontificis9
1023 2327 1147 2397 quia
1173 2327 1217 2380 is
1242 2345 1344 2381 non
1379 2337 1545 2399 potest
1588 2326 1824 2398 deleqare
1852 2326 2006 2380 alteri

281 2436 360 2473 res
398 2418 543 2492 fidei.

363 2512 536 2586 ltaque
585 2515 694 2584 jure
754 2526 801 2569 et
860 2517 1039 2570 merito
1090 2514 1380 2571 Alexander
1431 2514 1528 2585 ΙΙΙ,
1571 2515 1690 2571 dum
1743 2534 1852 2589 cap.
1900 2517 2005 2568 Au-

283 2608 507 2662 divimus
550 2609 611 2663 de
655 2608 799 2682 reliq.
845 2622 891 2664 et
936 2621 1154 2665 venerat.
1200 2609 1502 2665 Sanctorum
1547 2611 1626 2665 his
1672 2610 1836 2664 verbis
1883 2629 2000 2666 usus

283 2715 382 2758 est:
427 2703 648 2757 Etiamsi
685 2722 782 2776 per
824 2723 939 2758 eum
980 2704 1238 2758 miracuta
1291 2705 1496 2777 fierent,
1541 2722 1643 2758 non
1706 2703 1879 2757 liceret
1923 2722 2007 2756 vo-

284 2796 357 2850 bis
399 2797 566 2869 ipsum
618 2815 717 2869 pro
761 2801 948 2854 Sancto
990 2799 1172 2869 absque
1233 2800 1536 2852 auctoritate
1582 2799 1848 2851 Romanae
1910 2799 2010 2851 Ec-

285 2891 464 2947 clesiae
499 2893 703 2964 publice
746 2895 1005 2964 venerari,
1034 2906 1080 2949 et
1119 2893 1436 2951 Innocentius
1482 2892 1558 2949 III
1601 2893 1713 2950 eod.
1760 2894 1865 2950 tit.:
1911 2895 2011 2948 Re-
