2114 3289
356 116 425 166 40
671 134 763 169 Lm.
791 134 826 168 1.
855 134 949 169 GAP
1001 133 1034 168 1.
1065 133 1125 168 DE
1153 133 1308 168 STATU
1338 133 1603 170 Ecccsssmn

270 236 480 301 Status,
523 236 623 290 sive
667 236 874 289 societas
924 232 1216 306 inaequalis
1276 246 1344 290 est
1403 235 1700 310 conjunctio
1750 234 1990 308 plurium

271 327 568 396 hominum,
611 346 740 400 quae
784 328 1005 401 imperio
1039 347 1137 401 per
1180 328 1407 384 homines
1449 330 1813 385 administrato
1823 374 1845 400 ,
1894 331 1990 385 sibi

260 424 502 495 proprie,
532 435 577 476 ec
618 422 831 477 aliunde
875 441 978 476 non
1021 423 1334 496 dependente
1377 425 1683 481 continetur.
1727 424 1864 480 Haec
1907 424 1993 479 de-

272 517 433 573 finitio
495 517 558 571 ab
618 518 743 591 ipsis
806 514 1210 573 protestantibus
1262 530 1461 592 sumpta
1509 531 1618 589 est,
1661 519 1798 594 quod
1840 520 1990 590 hujus

270 611 391 666 libri
433 611 578 665 initio
623 611 867 667 diximus.
913 609 1068 684 Atqui
1107 610 1333 666 Ecclesia
1360 622 1434 666 est
1459 613 1743 683 conjunctio
1771 613 1991 688 plurium

271 705 552 774 hominnm,
596 724 724 778 quae
767 706 981 780 imperio
1026 725 1116 780 per
1159 703 1453 780 Apostolos,
1489 724 1759 780 eorumque
1801 725 1996 763 succes-

269 820 406 856 sores
460 801 813 858 administrato
838 846 853 872 ,
904 801 1003 857 sihi
1047 803 1254 876 proprio
1278 845 1293 871 ,
1337 813 1384 856 et
1426 801 1628 856 aliunde
1670 821 1768 859 non
1812 803 1995 878 depen—

269 895 413 950 dente
472 897 789 965 continetur,
850 895 1277 970 quemadmodum
1332 907 1433 952 toto
1477 896 1572 951 hoc
1615 895 1746 952 libro
1789 897 1995 953 demon-

268 1001 477 1045 stratum
522 1002 611 1046 est.
658 989 795 1062 Ergo
839 974 1066 1046 Ecclesia
1111 1002 1183 1045 est
1227 987 1420 1059 Status,
1456 991 1561 1045 sive
1604 992 1816 1047 societas
1859 994 1995 1048 inae-

270 1084 453 1157 qualis,

328 1259 546 1305 Canisius
589 1258 851 1305 Ecclesiam
894 1259 1134 1312 definivit,
1172 1262 1445 1304 cunctorum
1478 1255 1656 1304 Christi
1689 1255 1898 1319 fidelium
1931 1257 2007 1304 vi-

264 1338 444 1386 sibilem
479 1339 906 1400 conyreqationem,
945 1354 1059 1401 quae
1094 1339 1176 1386 sub
1210 1354 1304 1386 uno
1341 1338 1491 1400 capite
1526 1353 1609 1386 suo
1643 1338 1848 1399 Christo,
1885 1354 2006 1386 uno-

263 1434 347 1482 que
394 1421 516 1467 vices
560 1421 662 1483 ejus
704 1421 758 1467 in
792 1421 936 1467 terris
965 1426 1150 1482 cerente
1186 1420 1416 1484 Pontifice
1450 1420 1670 1468 Maoeinw
1701 1420 1915 1482 reqitur,
1951 1435 2006 1468 ac

264 1503 318 1550 in
350 1503 535 1551 unitate
569 1511 887 1551 conservatur.
926 1505 1236 1551 Bellarminus
1272 1517 1380 1550 vero
1418 1504 1485 1549 ita
1518 1505 1756 1551 definivit:
1795 1503 2006 1551 Ecclesia

262 1592 329 1632 est
376 1592 529 1632 coetus
577 1585 818 1631 hominum
866 1582 1071 1646 ejusdem
1119 1583 1408 1631 christianae
1455 1582 1566 1647 fidei
1603 1583 1928 1646 professione,
1964 1590 2008 1631 et

263 1664 524 1713 eorumdem
558 1667 968 1713 Sacramentorum
1005 1665 1324 1712 communione
1359 1664 1632 1726 colliqatus,
1667 1666 1749 1713 sub
1781 1665 2008 1726 reqimine

264 1748 576 1809 leyitimoram
613 1751 882 1805 Pastorum,
907 1756 949 1795 et
980 1748 1230 1811 praecipue
1264 1747 1409 1795 unius
1443 1747 1621 1796 Christi
1655 1748 1709 1795 in
1741 1748 1886 1796 terris
1925 1748 2008 1796 Vi-

264 1830 389 1876 carii
425 1831 624 1877 Romani
663 1829 924 1893 Pontificis.
963 1833 1013 1877 In
1053 1839 1249 1889 utraque
1285 1831 1559 1877 definitione
1594 1830 1804 1878 Ecclesia
1834 1831 2010 1877 dicitur

263 1910 472 1973 fidelium
507 1912 818 1972 conqrcqatio,
852 1913 921 1958 vel
957 1919 1109 1959 coetus
1145 1910 1402 1967 hominum,
1425 1924 1546 1969 quae
1580 1913 1723 1958 verba
1759 1918 1868 1958 sunt
1902 1911 2006 1958 loco

263 1995 484 2052 generis3
519 1995 641 2050 quod
682 1995 806 2040 enim
844 1993 1056 2040 Ecclesia
1093 1994 1334 2039 hominum
1372 1993 1664 2039 consociatio
1702 1993 1782 2048 sit,
1819 1992 1865 2037 id
1899 2005 2005 2038 cum

265 2074 372 2120 aliis
394 2074 637 2120 hominum
660 2076 968 2121 societatibus
990 2087 1237 2122 commune
1272 2075 1433 2120 habet:
1472 2075 1654 2131 reliqua
1690 2081 1844 2120 autem
1868 2075 2008 2119 verba

264 2161 430 2202 tenent
477 2155 628 2202 locum
678 2154 1009 2212 differentiae,
1046 2157 1157 2214 quia
1193 2168 1330 2202 omne
1367 2155 1481 2201 illud
1519 2155 1789 2214 explicant,
1827 2154 1875 2199 in
1913 2167 2005 2212 quo

264 2236 478 2283 Ecclesia
513 2237 570 2281 ab
607 2236 713 2281 aliis
750 2238 1058 2283 societatibus
1092 2237 1420 2296 distinguitur.

334 2317 560 2364 Nonnulli
595 2318 879 2364 Canonistae
916 2320 1006 2374 his,
1033 2319 1105 2365 vel
1143 2319 1250 2365 aliis
1284 2319 1408 2366 idem
1444 2319 1822 2378 significantibus
1852 2317 2006 2363 verbis

267 2399 527 2445 Ecclesiam
574 2399 832 2453 definiunt3
882 2399 1043 2445 Coetus
1089 2399 1329 2446 hominum
1375 2399 1686 2446 christianam
1719 2397 2004 2458 Reliqionem

267 2478 518 2526 colentium
563 2478 644 2525 sub
692 2478 914 2540 legitimis
956 2480 1261 2537 Pastoribas‚
1306 2481 1433 2528 nulla
1469 2483 1523 2528 de
1559 2482 1749 2528 Summe
1782 2480 2006 2526 Pontifice

267 2562 504 2608 mentione
552 2561 693 2608 facta.
742 2560 889 2619 Ajunt
938 2563 1062 2609 enim
1111 2564 1364 2622 primatum
1409 2564 1647 2610 pontificis
1689 2563 1746 2608 ad
1780 2562 2006 2607 determi-

267 2643 472 2688 nandam
507 2643 819 2689 ecclesiastici
856 2644 1103 2703 regiminis
1138 2643 1360 2701 sormam,
1399 2646 1591 2691 minime
1628 2656 1736 2689 vero
1773 2643 1828 2688 ad
1864 2649 2005 2689 natu-

269 2736 367 2770 ram
389 2724 630 2770 Ecclesiae
654 2725 1031 2771 constituendam
1055 2725 1306 2784 pcrtinere.
1345 2728 1513 2772 Verum
1539 2724 2002 2770 animadvertendum

270 2812 340 2851 est
374 2806 550 2853 nullam
587 2808 688 2853 sine
725 2807 881 2865 aliqua
917 2808 1164 2867 regiminis
1198 2806 1346 2854 forma
1391 2808 1676 2854 Societatem
1719 2808 2002 2861 consistere,

273 2893 318 2932 et
351 2900 406 2933 cx
445 2889 571 2934 varia
607 2889 854 2948 regiminis
890 2887 1037 2937 forma
1073 2890 1335 2937 Societates
1371 2891 1495 2948 ipsas
1530 2888 1718 2935 differre
1764 2891 1888 2935 inter
1926 2901 2000 2943 sc,
