2114 3289
374 127 484 177 112
531 143 624 178 Llss.
654 143 705 178 11.
735 144 780 177 c,
805 142 836 176 1.
866 140 926 174 DE
954 141 1001 174 R.
1028 140 1293 175 PON'riFlcE
1321 140 1490 182 meso.
1521 139 1860 175 Amc‘romssus

284 247 498 301 invicem
545 246 687 299 datas
717 255 762 297 et
790 253 1044 315 acceptas,
1074 253 1176 296 tum
1206 262 1295 316 per
1319 243 1590 313 benignam
1617 244 1668 297 in
1695 243 2007 321 communio-

280 359 395 394 nem
438 352 485 394 et
529 338 763 408 synaxim
809 335 1171 390 admissionem
1197 354 1391 405 eorum,
1418 338 1505 409 qui
1531 336 1595 391 ab
1623 355 1719 390 una
1748 335 1812 390 ad
1853 335 2005 390 aliam

279 432 561 488 Ecclesiam
606 430 886 486 veniebant.
941 427 1114 502 Itaque
1157 441 1362 504 propter
1415 430 1685 499 haeresim,
1738 441 1824 485 aut
1866 429 2006 485 aliud

282 545 435 599 grave
479 527 666 579 crimen
710 524 962 579 interdum
992 523 1178 579 factum
1221 536 1314 593 est,
1343 535 1395 578 ut
1429 543 1527 578 una
1570 523 1797 580 Ecclesia
1841 542 2008 594 segre-

279 632 420 690 garet
463 638 568 674 sese
595 638 623 674 a
657 620 1007 674 communione
1051 618 1256 672 alterius
1300 616 1577 687 Ecclesiae,
1611 637 1820 692 eamque
1858 618 2007 674 veluti

284 715 762 768 excommunicaret.
817 711 1008 767 Verum
1061 711 1355 782 hujusmodi
1408 713 1862 768 excommunicatio
1908 730 2006 767 non

280 819 385 862 erat
412 820 551 862 actus
579 808 893 863 auctoritatis
937 818 982 861 et
1007 806 1377 876 jurisdictionis
1421 805 1824 877 ecclesiasticae,
1868 825 2012 862 nam-

281 921 377 974 que
420 921 531 956 enm
576 917 842 977 possumus
870 902 921 956 in
950 901 1353 956 communionem
1380 919 1479 955 non
1507 900 1747 974 recipere,
1773 901 1823 955 in
1861 919 2009 974 quem

281 997 471 1050 nullam
517 996 921 1067 jurisdictionem
965 1006 1359 1069 potestatemque
1404 994 1667 1049 habemus,
1703 991 1782 1049 Ita
1810 993 1864 1051 S.
1892 994 2014 1069 Epi-

277 1091 494 1164 phanius
524 1089 814 1146 Salaminae
840 1088 1123 1164 Episcopus
1149 1087 1336 1143 Joanni
1362 1087 1615 1163 Episcopo
1644 1086 2013 1159 Hierosolymi-

278 1197 417 1253 tano,
473 1186 762 1256 neutiquam
817 1184 915 1238 sihi
967 1182 1191 1252 subdito,
1261 1184 1664 1239 communionem
1725 1182 2010 1254 denegavit,

280 1298 337 1333 eo
384 1278 519 1352 qnod
564 1291 875 1352 compertum
917 1278 1196 1347 habuisset,
1241 1277 1472 1333 eumdem
1500 1273 1742 1348 Origenis
1771 1276 2009 1348 dogmata

288 1392 581 1446 erroresque
625 1372 908 1428 defendere.
1384 1362 1390 1365 ’

362 1467 479 1523 Alia
525 1487 640 1522 vero
703 1468 906 1541 proprie
968 1466 1100 1522 dicta
1144 1465 1638 1535 Excommunicatio,
1683 1485 1810 1539 quae
1861 1467 2012 1521 etiam

283 1561 459 1635 major
501 1574 547 1617 et
584 1561 859 1615 mathema
902 1561 1108 1631 dicitur,
1151 1562 1202 1615 in
1236 1572 1479 1635 potestate
1522 1558 1758 1615 Clavium
1801 1559 2011 1616 fundata

282 1668 375 1725 est,
420 1677 507 1731 per
566 1675 718 1728 qnam
780 1657 1073 1726 graviorum
1133 1657 1402 1711 criminum
1462 1656 1534 1709 rei
1584 1675 1613 1709 a
1657 1657 2009 1710 communione

282 1748 559 1820 Ecclesiae,
614 1762 661 1805 et
713 1752 862 1805 totius
924 1750 1098 1823 populi
1160 1750 1425 1805 christiani
1486 1761 1725 1822 tanquam
1786 1749 2013 1804 membra

289 1847 629 1900 contaminata
673 1856 719 1899 et
771 1844 974 1918 putrida
1018 1844 1399 1899 abscinduntur.
1455 1841 1738 1898 Anathema
1790 1864 1906 1900 vero
1949 1843 2014 1899 ab

285 1941 806 1994 excommunicatione
857 1958 953 1993 non
1007 1939 1200 2007 differt,
1243 1940 1340 1993 nisi
1394 1950 1598 2012 propter
1649 1938 2011 2008 solemnitateS,

288 2036 491 2106 quaein
535 2053 590 2087 eo
620 2034 825 2088 serendo
869 2033 1210 2102 adhibentur,
1254 2033 1315 2088 de
1351 2033 1533 2106 quibus
1572 2033 1685 2087 vide
1713 2031 2011 2089 Pontificale

286 2126 577 2183 Romanum
622 2129 765 2183 titulo
810 2128 871 2182 (Ie
915 2128 1113 2181 Ordine
1158 2127 1665 2183 3386031111Νηίσαηᾶἱ.

367 2220 598 2277 Potestas
660 2242 775 2277 vero
836 2222 1029 2278 ferendi
1097 2223 1669 2278 excommunicationem
1729 2223 2010 2293 majorem,

290 2319 395 2372 sive
439 2318 704 2372 anathema
750 2319 814 2372 ad
867 2318 1124 2374 Ecclesiae
1186 2317 1510 2392 Praepositos
1569 2319 1800 2392 pertinet,
1844 2328 1897 2372 ut
1955 2336 2011 2372 ea

286 2431 445 2486 poena
507 2411 906 2466 animadvertere
950 2413 1000 2466 in
1043 2432 1127 2467 eos
1188 2414 1383 2486 possint
1443 2414 1530 2486 qui
1588 2413 1794 2483 gravius
1850 2411 2010 2466 delin-

288 2518 477 2579 quunt:
540 2506 966 2578 quemadmodum
1025 2508 1158 2562 enim
1220 2506 1285 2561 ad
1345 2506 1672 2563 continendos
1736 2507 1787 2560 in
1847 2506 2011 2561 officio

287 2603 517 2657 homines
561 2602 827 2674 unicnique
871 2602 1177 2675 reipublicae
1219 2602 1298 2671 jus
1342 2613 1416 2657 est
1458 2601 1740 2676 expellendi
1784 2612 1950 2656 sontes
1982 2620 2011 2654 a

287 2698 522 2751 societate
565 2715 674 2765 sua,
719 2697 790 2751 sic
833 2696 983 2750 etiam
1027 2694 1303 2765 Ecclesiae,
1331 2708 1498 2769 utpote
1542 2695 1787 2770 perfectae
1821 2692 2013 2768 Reipu-

288 2790 470 2858 blicae,
499 2789 727 2844 eamdem
778 2802 1072 2864 potestatem
1116 2808 1223 2844 esse
1268 2809 1359 2863 pro
1405 2802 1537 2844 certo
1582 2789 1871 2844 habendum
1917 2800 2005 2844 est.

287 2881 476 2938 Verum
520 2884 812 2953 hujusmodi
857 2896 1074 2957 potestas
1118 2904 1179 2938 cx
1224 2884 1324 2939 alio
1369 2885 1608 2939 nobiliori
1654 2883 1788 2938 fonte
1835 2883 2011 2937 111118-

292 2988 451 3032 ctores
496 2977 749 3034 Ecclesiae
795 2980 1032 3034 manavit.
