2114 3289
340 99 452 150 254
515 115 608 151 ιιΒ.
635 114 704 149 111.
735 112 781 149 c.
811 111 862 147 u.
898 111 957 146 DE
983 111 1139 147 nenos
1168 112 1308 149 13ch.
1341 112 1547 149 POTEST.
1577 113 1834 150 sumemus

253 217 363 272 alia
413 216 556 271 nullo
591 214 750 288 jure,
793 213 930 284 quod
972 212 1042 266 acl
1084 211 1374 267 dominium
1414 214 1626 282 attinet,
1670 214 1975 282 imminuw,

254 313 341 366 sed
399 311 630 366 omnibus
689 307 905 378 inteqris
962 306 1322 373 manentibuS,
1365 309 1566 364 restitui
1603 309 1881 382 jubemtt'5‚
1925 320 1978 364 ut

253 418 327 461 est
387 404 518 478 apud
571 402 847 457 Eusebium
891 401 980 457 lib.
1030 404 1063 455 2
1107 400 1168 456 de
1212 403 1313 456 vita
1359 399 1675 458 Constantini
1720 422 1830 477 cap.
1879 407 1972 459 39.

254 498 386 570 Lege
428 516 626 571 quoque
668 496 768 550 lata
813 507 1107 569 potestatem
1151 495 1385 551 omnibus
1430 495 1547 551 fecit
1587 517 1650 551 ex
1690 498 1837 553 bonis
1869 499 1973 552 suis

253 592 502 666 quidquid
546 592 691 648 vellet
733 590 975 645 Ecclesiis
1020 601 1315 646 testamento
1376 590 1711 663 relinquendi.
1775 592 1977 645 Habeat

250 686 593 757 unusquisque
635 685 897 739 licentiam
939 684 1276 751 sanctissimo,
1303 683 1572 751 catholiw,
1599 686 1976 757 venerabilique

257 781 485 835 Concilio
546 781 791 835 decedens
850 780 1099 833 bonorum
1159 779 1297 850 quod
1356 780 1607 851 optaverit
1665 779 1971 851 relinquere.

252 878 368 930 Non
410 875 511 929 sint
551 894 689 929 cassa
726 874 938 948 judicia
982 873 1137 947 ejus;
1184 873 1317 927 nihil
1358 885 1465 940 est,
1510 874 1647 944 quocl
1688 874 1850 945 inaqis
1891 875 1978 929 ho-

250 970 474 1024 minibus
517 971 783 1036 debeatur,
810 987 962 1040 quam
989 980 1044 1022 ut
1071 986 1338 1041 supremae
1380 968 1679 1035 voluntatiS,
1707 980 1976 1040 postquam

250 1065 400 1119 aliud
446 1065 563 1139 jam
606 1065 731 1119 velle
776 1083 877 1117 non
913 1076 1144 1135 possunt,
1189 1063 1319 1117 liber
1346 1064 1408 1117 sit
1446 1063 1623 1134 styluS,
1669 1075 1713 1117 et
1756 1063 1976 1132 licitum,

249 1160 385 1231 quod
428 1160 612 1214 iterum
657 1178 759 1212 non
802 1159 957 1228 redit,
1004 1158 1303 1225 arbitrium,
1349 1159 1447 1229 leg.
1487 1158 1667 1212 babeat
1709 1158 1979 1228 unusquis-

251 1276 345 1328 que
405 1255 463 1314 C.
510 1256 570 1311 de
613 1254 709 1311 SS.
756 1255 1016 1311 EcclesiiS.
1078 1254 1305 1328 Denique
1354 1274 1416 1309 ex
1476 1255 1692 1310 aliorum
1754 1252 1976 1328 Impera-

250 1366 413 1408 torum
458 1352 652 1422 legibus
697 1351 854 1405 libera
899 1353 1076 1423 cuique
1120 1362 1340 1424 potestas
1386 1349 1572 1404 tributa
1617 1361 1690 1403 est
1719 1349 1793 1403 vel
1825 1360 1973 1403 testa-

250 1460 450 1516 mento,
497 1447 571 1501 vel
614 1446 808 1500 actibus
853 1447 982 1500 inter
1025 1446 1166 1499 vivos
1211 1463 1554 1517 quaecumque
1596 1443 1728 1498 bona
1774 1445 1824 1499 in
1877 1442 1973 1497 Ec-

253 1542 455 1596 clesiam
487 1539 821 1595 transferendi
857 1540 891 1595 l.
942 1541 1011 1594 19
1058 1538 1186 1595 Cod.
1233 1539 1293 1595 de
1337 1536 1432 1594 SS.
1478 1537 1648 1608 Eccl.,
1691 1550 1737 1592 et
1780 1540 1971 1612 passim

249 1635 361 1691 eod.
410 1637 484 1691 tit.

326 1730 405 1785 Ex
465 1730 646 1803 quibus
699 1729 894 1800 legibus
947 1728 1189 1802 paulatim
1233 1729 1387 1783 crevit
1430 1726 1685 1782 Ecclesiae
1730 1727 1973 1801 patrimo-

249 1827 407 1895 nium,
433 1824 614 1880 deinde
655 1825 805 1878 etiam
851 1842 1034 1894 magna
1079 1823 1401 1896 praediorum
1445 1822 1794 1894 bonorumque
1821 1822 1966 1895 copia

250 1932 448 1975 auctum
491 1932 583 1988 est,
628 1931 729 1973 tum
775 1920 892 1991 quia
936 1937 998 1972 ex
1041 1917 1137 1988 leg.
1188 1920 1257 1970 20
1305 1914 1434 1973 Cod.
1480 1916 1541 1971 de
1583 1915 1754 1990 Episc.
1790 1917 1832 1970 si
1859 1913 1972 1970 Cle-

251 2016 342 2068 rici
396 2014 471 2068 vel
512 2012 754 2069 Monaclii
798 2014 1016 2068 intestati
1063 2011 1213 2067 nullis
1258 2009 1496 2082 legitimis
1542 2010 1845 2066 haeredibus
1891 2028 1969 2064 re-

248 2110 380 2165 lictis
432 2108 780 2176 decessissent,
826 2126 997 2163 eorum
1042 2106 1174 2161 bona
1218 2104 1475 2162 Ecclesiae
1519 2106 1593 2160 vel
1639 2106 1966 2174 monasteriO,

249 2206 329 2259 cui
379 2202 568 2257 addicti
613 2213 770 2271 erant,
816 2202 1244 2270 devolvebantur,
1289 2212 1391 2255 tum
1435 2202 1553 2273 quia
1597 2201 1823 2273 ipsorum
1867 2198 1970 2272 ple-

249 2302 389 2372 rique
432 2298 552 2352 dum
595 2316 646 2352 se
690 2296 851 2351 Altari
897 2296 971 2350 vel
1016 2296 1322 2352 monasterio
1366 2295 1687 2363 dedicabant,
1715 2294 1847 2350 bona
1877 2312 1966 2348 sua

248 2397 323 2450 vel
366 2414 537 2450 eorum
580 2406 772 2468 partem
817 2394 867 2446 in
911 2393 1164 2448 Ecclesias
1211 2392 1285 2446 vel
1337 2392 1641 2447 monasteria
1703 2390 1969 2446 transfere-

245 2491 400 2560 bant,
445 2502 548 2544 tum
597 2490 715 2561 quia
767 2506 912 2542 omne
963 2487 1051 2555 id,
1114 2487 1247 2558 quod
1310 2485 1551 2541 Monachi
1614 2487 1964 2558 acquirerent,

245 2586 550 2641 monasterio
595 2582 938 2656 acquirebant.
995 2581 1074 2635 Ad
1120 2583 1242 2637 haec
1286 2582 1455 2636 omnia
1500 2582 1611 2654 piae
1656 2597 1966 2633 summorum

247 2678 542 2752 Principum
586 2690 631 2732 et
682 2678 986 2732 christianae
1046 2676 1205 2746 gentis
1274 2675 1568 2745 largitiones
1629 2684 1960 2729 accesserunt.

247 2773 345 2828 Sed
390 2772 644 2827 Ecclesiae
688 2772 1044 2843 acquisitiones
1090 2769 1344 2824 uberiores
1388 2767 1548 2822 factae
1592 2777 1704 2821 sunt
1737 2785 1798 2821 ex
1827 2779 1964 2821 uten-

248 2871 367 2922 tium
414 2868 720 2941 parsimonia
766 2878 812 2920 et
847 2865 1058 2939 provida
1088 2864 1545 2930 administratione,
1573 2873 1617 2916 et
1645 2862 1959 2935 potissimum
