2114 3289
558 117 602 192 §.
631 140 738 176 xm.
770 139 830 174 DE
858 141 1136 177 Ennomus
1166 141 1380 178 monnau
1675 126 1743 176 53

115 245 328 291 berrimis
351 243 600 300 Theologis
636 249 682 287 et
716 242 985 288 Canonistis
1019 241 1197 300 jamdiu
1235 243 1481 301 profligata
1517 248 1602 288 est.
1642 243 1837 290 Parochi

110 325 298 383 quidem
333 322 650 368 institutionis
685 322 872 368 divinae
910 331 1035 379 sunt,
1059 324 1180 381 quod
1218 324 1273 369 ad
1310 322 1626 370 characterem
1662 323 1842 369 ordinis

112 406 306 460 attinet,
344 410 591 462 propterea
625 403 745 461 quod
784 404 832 448 in
869 404 1048 449 ordinis
1083 403 1357 450 Hierarchia
1391 403 1620 450 divinitus
1659 404 1845 450 ‘consti-

113 492 244 541 tuta,
293 490 480 544 praeter
525 483 813 543 Episcopos,
863 483 1140 530 Sacerdotes
1190 484 1331 529 etiam
1381 491 1427 530 et
1461 484 1667 530 Ministri
1702 485 1846 542 positi

117 572 241 612 sunt.
291 566 350 611 At
396 564 576 611 nullum
625 566 673 610 in
723 564 965 623 Scriptura
1014 564 1179 611 autin
1215 564 1484 611 Traditione
1521 565 1847 612 testimonium

116 647 366 707 reperitur,
402 659 494 704 quo
531 646 842 693 demonstrari
877 647 1043 705 possit,
1078 645 1311 693 Parochos
1334 658 1358 692 a
1381 646 1565 693 Christo
1601 646 1849 693 institutos

115 727 279 774 fuisse.
329 727 450 774 Hinc
500 727 549 773 S.
595 727 795 772 Thomas
830 726 860 770 2
895 726 926 771 2
961 740 1007 786 q.
1049 726 1142 773 188
1178 733 1265 773 art.
1305 727 1333 771 4
1373 727 1427 772 ad
1463 728 1491 772 5
1531 727 1623 773 ait:
1676 725 1852 774 Dicen-

115 805 245 867 dum,
268 805 388 869 quod
408 806 608 868 formam
629 806 926 869 septuaginta
955 804 1154 853 duorum
1191 805 1541 868 Discipulorum
1573 821 1668 854 non
1702 806 1851 854 solum

115 893 272 936 tenent
306 888 575 950 Presbyteri
617 888 816 947 Cureti,
852 886 930 935 sed
964 887 1235 950 quicumque
1270 887 1362 935 alii
1395 887 1595 934 minoris
1630 886 1816 936 ordinis
1830 923 1848 948 ,

117 970 198 1032 qui
232 969 474 1032 Episcopis
508 969 562 1017 in
596 984 753 1017 eorum
787 967 934 1033 officio
969 969 1282 1016 subserviunt.
1332 969 1437 1017 Non
1479 969 1603 1016 enim
1647 969 1849 1032 leqitur,
1883 955 1886 959 ⁵

115 1049 236 1112 quod
280 1051 575 1113 septumqinta
620 1048 797 1098 duobus
846 1050 1108 1112 Discipulis
1150 1050 1379 1098 Dominus
1414 1050 1600 1114 aliquas
1632 1049 1854 1099 determi-

117 1138 256 1179 natas
302 1131 560 1179 Parochz‘as
594 1131 877 1192 ossiqnaret‚
901 1130 979 1179 sed
1011 1130 1132 1194 quod
1152 1130 1364 1178 mittebat
1385 1146 1459 1178 eos
1480 1131 1612 1178 binos
1633 1138 1741 1179 ante
1776 1131 1856 1192 fa-

118 1213 234 1259 ciem
268 1228 400 1259 suam
434 1212 488 1259 in
522 1227 701 1260 omnem
735 1212 974 1260 civitatem
1002 1219 1046 1260 et
1068 1212 1236 1271 locum,
1260 1228 1347 1274 quo
1370 1217 1472 1259 erat
1492 1213 1589 1274 ipse
1611 1219 1851 1260 venturus.

184 1296 249 1341 De
296 1295 385 1341 hoc
433 1301 709 1355 argumento
744 1294 840 1341 late
874 1293 1065 1340 disserit
1101 1293 1161 1340 cl.
1196 1294 1404 1340 Joannes
1439 1294 1606 1341 Devoti
1640 1294 1850 1340 Institut.

120 1375 346 1422 Canonic.
381 1375 464 1423 lib.
503 1375 522 1420 Ι
557 1374 631 1419 tit.
669 1373 697 1419 3
734 1380 848 1420 sect.
892 1372 951 1419 10
989 1370 1028 1434 §.
1069 1374 1150 1428 87,
1175 1374 1383 1432 itemque
1405 1376 1568 1421 Petrus
1591 1374 1854 1421 paludanus

120 1451 173 1501 de
207 1467 334 1501 caus.
368 1451 554 1502 immed.
591 1452 762 1501 Eccles-
797 1459 963 1516 potest.
1004 1461 1091 1500 art.
1130 1453 1160 1498 2
1196 1453 1403 1500 conclus.
1442 1453 1488 1498 3.

887 1612 931 1687 i
992 1619 1082 1672 14.

289 1767 362 1813 DE
400 1767 642 1815 ROMANO
677 1766 979 1814 PONTIFICE
1018 1765 1065 1812 S.
1104 1766 1271 1812 PETRI
1308 1766 1678 1814 SUCCESSORE

209 1945 470 2003 Primatus
533 1960 608 2004 est
666 1946 730 2003 ad
787 1945 1094 2022 pascendam
1154 1946 1524 2020 regendamque
1572 1943 1850 2003 Ecclesiam

130 2043 406 2100 institutus.
470 2040 624 2112 Quod
684 2053 848 2097 autem
909 2043 1060 2098 totius
1123 2042 1497 2098 communitatis
1559 2039 1746 2096 bonum
1804 2052 1853 2095 et

130 2137 354 2208 regimen
414 2148 639 2211 spectat,
683 2137 736 2192 id
779 2155 898 2192 sane
941 2147 1135 2211 oportet
1177 2137 1229 2191 iu
1273 2134 1448 2191 eadem
1492 2136 1847 2191 communitate

131 2229 289 2286 fixum
321 2241 369 2286 et
409 2242 702 2306 perpetuum
744 2250 868 2287 esse.
914 2225 1049 2302 Ergo
1093 2231 1334 2286 moriente
1376 2216 1550 2300 Petro,
1594 2226 1851 2286 Primatus

132 2324 358 2396 extingui
411 2341 511 2380 non
561 2323 769 2394 debuit,
813 2323 900 2379 sed
945 2325 1149 2381 omnino
1192 2341 1393 2379 manere
1437 2333 1585 2396 atque
1626 2340 1852 2396 perseve-

132 2436 280 2489 rare⁹
339 2429 508 2492 utpote
566 2419 653 2492 qui
715 2436 813 2474 non
872 2420 924 2474 in
977 2418 1299 2475 commodum
1341 2417 1500 2491 ipsius
1543 2414 1721 2484 Petri,
1764 2415 1852 2470 sed

133 2523 337 2587 propter
397 2530 546 2568 unam
608 2524 756 2586 atque
798 2524 1035 2587 perpetuo
1079 2530 1371 2568 mansuram
1414 2509 1693 2565 Ecclesiam
1736 2527 1853 2565 con-

135 2608 332 2662 stitutus
393 2619 485 2663 est.
545 2605 625 2663 Ex
685 2626 783 2681 quo
835 2608 925 2677 fit9
969 2619 1022 2662 ut
1061 2609 1369 2682 perpetuitas
1413 2602 1709 2673 Primatus‚
1752 2622 1851 2659 nou

134 2718 273 2756 secus
317 2714 466 2775 atque
508 2703 667 2776 ipsius
712 2703 978 2771 iustitium,
1005 2702 1069 2757 ab
1110 2703 1221 2772 jure
1264 2701 1435 2756 divino
1479 2697 1847 2771 proficiscatur.

136 2792 237 2850 Sed
279 2793 534 2853 Primatus
576 2799 881 2872 perpetuitas
926 2796 1298 2864 Successorem,
1326 2797 1377 2850 in
1422 2811 1569 2865 quem
1613 2804 1850 2862 transeat,

135 2889 337 2946 omuino
381 2891 630 2964 postulat3
674 2904 820 2966 atque
865 2891 989 2950 adeo
1030 2911 1091 2948 ex
1118 2892 1226 2964 ipso
1251 2892 1361 2962 jure
1387 2886 1560 2952 divino
1587 2898 1633 2942 et
1661 2885 1852 2943 Christi

1344 2982 1413 3035 4δί-
