2114 3289
369 133 417 207 ᾗ.
450 154 637 191 xxxm.
669 153 728 188 De
754 154 876 188 JURE
905 153 1099 189 cAsqu
1128 153 1567 192 RESERVANDORUM
1630 138 1737 190 1:29

114 257 237 312 tifex
295 258 346 311 iu
404 238 628 311 Ecclesia
692 257 957 324 universa,
1008 268 1054 310 et
1104 254 1342 330 Episcopi
1387 258 1436 311 in
1482 275 1570 312 sua
1617 258 1826 329 quisque

108 349 338 407 Dioecesi
381 361 635 405 coarctare
678 361 887 423 possunt
929 349 1224 405 inferiorum
1262 348 1592 406 Sacerdotum
1618 350 1828 422 jurisdi-

110 445 343 513 ctionem,
368 455 415 498 et
457 443 706 516 quaedam
748 444 984 514 graviora
1028 444 1242 498 crimina
1286 444 1383 498 sibi
1420 464 1608 518 suoque
1634 443 1828 515 judicio

111 534 385 592 relaxanda
429 556 702 593 reservare.
748 535 918 605 Quam
962 536 1264 592 catholicam
1303 537 1586 609 doctrinam
1612 537 1831 594 Triden-

110 632 212 686 tina
272 629 509 701 Synodus
568 631 778 687 tradidit
820 651 943 686 sess,
993 632 1083 686 14.
1129 650 1239 704 cap.
1290 636 1339 687 7.
1385 631 1445 686 de
1490 629 1713 687 Casuum
1757 652 1834 687 re-

112 726 427 781 servatione:
472 728 823 798 Maquopere,
867 726 1065 798 inquit9
1108 724 1179 779 ad
1220 724 1492 779 christiani
1526 726 1711 799 populi
1755 726 1836 780 di-

108 820 381 892 sciplinam
431 821 694 893 pertinere
754 820 1100 878 Sanctissimis
1158 820 1403 875 Patribus
1447 821 1631 875 uostris
1673 822 1839 876 visum

110 924 197 983 est,
239 924 297 968 ut
338 915 596 969 atrociora
637 915 892 987 quaedam
936 926 981 969 et
1021 915 1204 987 qravia
1246 915 1469 970 crimina
1510 934 1614 970 uon
1656 934 1689 971 a
1724 916 1838 988 qui-

108 1008 301 1075 busvis,
345 1009 433 1063 sed
475 1027 507 1063 a
548 1010 758 1063 summis
799 1009 1077 1064 dumtaoeat
1119 1009 1478 1066 Sacerdotibus
1519 1010 1836 1065 absolveren-

110 1112 213 1158 tur.
281 1102 422 1158 Unde
466 1103 649 1158 merito
693 1103 966 1177 Pontifices
1009 1104 1241 1162 Maximi
1276 1122 1377 1176 pro
1419 1122 1659 1178 suprema
1692 1116 1835 1177 pote-

110 1206 233 1250 state
293 1196 389 1251 sibi
448 1197 506 1251 iu
564 1197 792 1254 Ecclesia
849 1198 1091 1253 universa
1149 1200 1347 1254 tradita
1406 1217 1583 1254 causas
1636 1198 1838 1270 aliquas

112 1290 393 1345 criminum
451 1292 712 1363 qraviores
769 1306 858 1347 suo
891 1303 1174 1365 potueruut
1209 1293 1471 1366 peculiari
1507 1293 1718 1367 judicio
1760 1311 1841 1348 re-

110 1401 329 1442 servare.
374 1387 548 1457 Neque
592 1386 936 1441 dubitandum
980 1398 1085 1454 est,
1131 1388 1338 1459 quaudo
1382 1387 1596 1455 omitia,
1637 1405 1767 1459 quae
1810 1406 1843 1443 a
1905 1446 1910 1447 ⁷

113 1482 223 1534 Deo
264 1489 402 1547 sunt,
429 1480 674 1535 ordinata
715 1491 851 1548 suut,
888 1481 1015 1553 quin
1056 1480 1148 1535 hoc
1189 1481 1329 1537 idem
1372 1482 1637 1555 Episcopis
1678 1483 1844 1537 omni-

111 1573 199 1626 bus
251 1573 310 1626 iu
366 1592 460 1628 sua
500 1575 682 1646 cuique
725 1575 959 1630 Dioecesi
980 1617 1001 1643 ,
1053 1575 1112 1629 iu
1163 1576 1572 1649 aedificationem
1632 1588 1843 1643 carneri,

112 1685 216 1720 uon
257 1667 315 1721 in
357 1668 773 1736 destructio-uem,
800 1669 973 1736 liceat,
1011 1687 1112 1742 pro
1155 1670 1262 1724 illis
1303 1670 1361 1724 iu
1396 1671 1620 1725 subditos
1646 1671 1845 1726 tradita

113 1778 270 1833 supra
311 1761 536 1833 reliquos
578 1763 850 1835 inferiores
892 1764 1190 1820 Sacerdotes
1231 1765 1566 1832 auctoritate,
1603 1783 1840 1837 praeser-

116 1855 211 1909 tim
236 1856 408 1927 quoad
433 1856 550 1925 illa,
578 1858 757 1929 quibus
790 1858 1337 1913 eoecommuuicatiouis
1388 1877 1603 1914 censura
1627 1859 1839 1914 adnexa

114 1959 199 2005 est.
253 1952 405 2005 Hauc
457 1963 627 2006 autem
678 1952 983 2007 delictorum
1024 1953 1419 2008 reservatione-m
1461 1971 1735 2008 consortum
1778 1965 1846 2008 est

115 2044 323 2099 divinae
383 2047 682 2101 auctoritati
733 2065 836 2101 nou
887 2058 1087 2102 tantum
1128 2048 1186 2102 iu
1230 2059 1447 2104 eoeterna
1480 2049 1711 2121 politia,
1755 2050 1842 2103 sed

119 2139 274 2193 etiam
311 2157 483 2194 coram
527 2144 637 2196 Deo
679 2141 784 2195 vim
827 2141 1027 2197 habere.
1071 2141 1135 2198 Et
1159 2143 1336 2198 eadem
1361 2144 1582 2199 sessione
1609 2163 1718 2199 can.
1752 2145 1843 2200 11.

116 2232 177 2289 Si
219 2232 332 2303 quis
375 2233 577 2289 dixerit
619 2234 892 2308 Episcopos
932 2253 1036 2289 nou
1078 2235 1262 2291 habere
1298 2235 1391 2310 jus
1424 2237 1725 2291 reservandi
1751 2237 1847 2291 sibi

116 2345 282 2394 casus)
308 2328 411 2382 uisi
451 2329 623 2400 quoad
665 2340 935 2384 externam
970 2330 1237 2402 politiam2
1282 2342 1432 2403 atque
1474 2331 1592 2386 ideo
1635 2348 1844 2385 casuum

117 2422 513 2477 reservationem
555 2442 658 2478 nort
691 2424 988 2497 prohibere,
1033 2426 1305 2497 quominus
1347 2426 1598 2482 Sacerdos
1628 2445 1658 2479 a
1685 2444 1846 2480 reser-

115 2516 245 2570 vatis
285 2535 400 2571 vere
444 2517 705 2586 absolvat,
749 2519 1022 2575 anatliema
1064 2520 1144 2578 sit.
1191 2519 1365 2594 Itaque
1408 2519 1695 2575 Ludovicus
1739 2519 1846 2575 Ha-

119 2609 228 2665 bert
286 2611 347 2666 de
400 2611 598 2668 Poeuit.
645 2633 755 2688 cap.
806 2619 855 2670 7.
900 2615 1023 2670 haec
1067 2615 1254 2670 habet:
1300 2634 1359 2670 DE
1404 2634 1514 2670 FIDE
1558 2635 1650 2670 EsT
1693 2618 1845 2671 Sum-

123 2721 263 2756 mum
304 2706 604 2780 Pontificem
650 2719 695 2762 et
737 2709 1011 2781 Episcopos
1047 2727 1190 2782 posse
1233 2709 1328 2764 sibi
1370 2726 1630 2763 reservare
1673 2725 1845 2775 casuS,

122 2815 156 2850 a
196 2797 375 2867 quibus
415 2800 689 2874 inferiores
730 2804 1027 2859 Sacerdotes
1069 2804 1323 2859 absolvere
1375 2814 1630 2874 nequeunt
1692 2802 1848 2856 etiam,

124 2891 181 2945 iu
214 2891 326 2963 foro
369 2896 724 2965 conscientiae,
751 2898 853 2953 uisi
887 2910 1133 2972 potestate
1176 2900 1238 2954 ab
1279 2897 1386 2952 illis
1429 2898 1678 2969 deleqata.
1724 2897 1850 2970 Epi-

1376 2997 1407 3045 9
