2114 3289
359 137 430 188 38
666 153 758 188 ΠΒ.
787 152 820 187 1.
849 151 964 188 CAP.
992 151 1025 187 1.
1058 150 1117 186 DE
1145 153 1300 189 suro
1328 153 1593 191 EocLEsmE

252 256 391 328 fanis
433 267 479 312 et
521 255 868 311 ecclesiasticis
911 265 1199 328 suppetant,
1237 268 1564 330 prostentqne
1602 258 1771 325 obvia,
1799 262 1975 331 super-

250 351 417 424 fluum
459 363 528 407 esc
561 347 946 424 prolioeioribus
988 350 1382 422 alleqationibus
1423 354 1717 411 immorari.

333 445 414 501 Ex
449 445 528 500 his
572 445 804 500 omnibus
849 447 1170 519 perspicuum
1213 457 1306 516 est,
1333 446 1480 503 civile
1521 449 1789 522 imperium
1832 448 1969 504 nulla

255 538 687 596 administrandae
729 536 984 595 Ecclesiae
1036 552 1277 613 potestate
1325 540 1610 614 praeditum
1652 562 1779 612 esse,
1823 542 1975 598 adeo-

255 651 351 705 que
394 651 556 702 regeS,
600 643 652 686 ut
696 633 766 687 ait
825 631 1168 689 Damascenus
1229 635 1281 689 in
1325 646 1451 690 orat.
1500 637 1524 687 1
1575 635 1636 690 de
1678 635 1973 708 Imaginil).,

252 727 330 782 liis
355 727 416 782 de
441 728 590 782 rebus
634 724 924 800 (Ecclesiae
953 725 1163 803 nempe)
1208 728 1343 784 nihil
1360 747 1505 803 posse
1548 741 1790 799 statuere,
1818 743 1969 803 atque

252 822 544 891 decernere,
607 840 905 896 omnemque
964 822 1355 879 ecclesiasticam
1416 836 1711 899 potestatem
1753 846 1780 880 a
1833 826 1971 881 civili

252 916 465 990 imperio
508 917 705 990 penitus
757 916 1068 994 distinctam,
1113 919 1256 990 eique
1317 919 1524 973 minime
1567 918 1861 989 obnoxiam,
1905 919 1970 974 ad

253 1009 387 1066 solos
413 1007 669 1066 Ecclesiae
695 1008 958 1066 Antistites
1002 1010 1245 1067 divinitus
1288 1014 1553 1086 pertinere.
1583 1000 1816 1069 Christus
1859 1015 1967 1087 ipse

251 1101 436 1160 Matth.
487 1107 559 1158 2⁶2
606 1107 698 1175 21,
744 1103 910 1161 Marci
958 1107 1030 1160 12
1079 1108 1171 1175 17,
1214 1103 1381 1161 Lucae
1428 1109 1499 1160 20
1548 1109 1618 1160 25
1647 1105 1777 1161 hanc
1803 1107 1964 1178 legem

253 1198 684 1255 fundamentalem
736 1199 920 1255 edixit:
967 1200 1192 1255 Reddite
1252 1219 1382 1273 quae
1425 1212 1541 1255 sunt
1591 1201 1844 1269 CaesariS,
1889 1205 1977 1257 Ce-

252 1293 383 1361 sari,
427 1304 474 1348 et
515 1312 645 1366 quae
687 1305 804 1348 sunt
843 1295 946 1350 Dei
970 1299 1104 1363 Dec,
1132 1294 1407 1352 secundum
1449 1314 1600 1370 quam
1643 1295 1817 1352 relicta
1842 1315 1977 1351 sum-

252 1388 348 1443 mis
390 1385 718 1464 Principibus
760 1391 955 1461 integra
1017 1408 1187 1445 rerum
1246 1390 1575 1463 profanarum
1635 1410 1754 1446 cura
1796 1402 1843 1446 et
1885 1389 1975 1445 ad-

251 1484 642 1554 ministratione,
684 1503 742 1540 ea
785 1503 912 1558 quae
957 1483 1022 1539 ad
1081 1484 1376 1557 religionem
1419 1496 1467 1540 et
1525 1484 1736 1540 salutem
1779 1486 1973 1541 anima-

249 1596 363 1633 rum
406 1590 651 1653 spectant,
696 1579 761 1634 ad
804 1577 1062 1634 Ecclesiae
1104 1579 1442 1654 principatum
1485 1581 1757 1636 revocavit.
1785 1577 1972 1636 Merito

249 1672 417 1746 itaque
461 1693 518 1728 ac
567 1674 678 1744 jure
739 1670 975 1729 Gelasius
1038 1675 1091 1728 in
1133 1672 1344 1749 epistola
1389 1673 1454 1728 ad
1496 1671 1821 1729 Anastasium
1874 1672 1976 1729 Im-

253 1778 562 1839 peratorem:
605 1770 725 1821 Duo
768 1777 906 1835 sunt,
968 1770 1262 1841 Imperator
1306 1769 1554 1839 Auyuste,
1605 1767 1786 1839 quibus
1820 1768 1974 1840 priu-

252 1859 491 1934 cipaliler
548 1861 771 1916 mundus
813 1861 895 1916 liic
938 1862 1158 1934 reqitur,
1205 1861 1536 1917 sacerdotalis
1578 1862 1879 1930 auctoritaS,
1924 1872 1973 1917 et

249 1957 439 2028 re9alis
472 1968 710 2030 potestas
779 1961 1002 2031 Utraque
1047 1958 1382 2031 principaliS,
1426 1976 1666 2031 suprema
1721 1968 1972 2030 utraque,

249 2069 409 2122 neque
451 2052 509 2106 in
567 2053 726 2125 officio
785 2071 875 2108 suo
933 2053 1087 2108 alteri
1145 2053 1374 2108 obnooeia
1416 2063 1502 2109 est.
1547 2052 1610 2108 Et
1652 2050 1809 2109 Osius
1851 2050 1974 2127 Epi-

250 2164 430 2220 scopus
474 2143 820 2203 Cordubensis
848 2147 913 2203 ad
941 2145 1294 2205 Constantium
1338 2145 1717 2222 Imperatorem:
1747 2146 1967 2216 Desine,

249 2257 455 2311 quaese,
497 2251 545 2295 et
586 2241 903 2309 memineriS,
947 2254 993 2297 te
1036 2241 1305 2297 mortalem
1349 2259 1476 2309 esse,
1501 2241 1790 2314 reformida
1833 2241 1971 2296 diem

244 2333 467 2408 judicii,
495 2351 640 2389 serva
681 2345 726 2389 te
769 2336 826 2389 in
867 2335 1019 2390 illum
1045 2336 1184 2392 diem
1219 2354 1435 2409 purum,
1461 2353 1552 2389 nec
1594 2345 1639 2389 te
1682 2335 1968 2389 immisceas

247 2428 617 2497 ecclesiasticis,
667 2447 828 2501 neque
889 2430 1031 2484 nobis
1091 2431 1149 2484 in
1190 2430 1282 2484 hoc
1339 2447 1520 2502 qenere
1557 2429 1822 2502 praecipe,
1882 2429 1970 2483 sed

237 2524 413 2596 potius
456 2542 516 2578 ea
557 2542 590 2578 a
630 2524 773 2578 nobis
833 2524 986 2581 disce.
1031 2525 1149 2579 Tibi
1192 2529 1333 2580 Deus
1375 2524 1654 2597 imperium
1696 2523 1969 2589 commisit,

245 2618 390 2672 nobis
431 2635 559 2689 quae
602 2628 718 2672 sunt
758 2616 1014 2673 Ecclesiae
1055 2619 1401 2689 concredidit,-
1447 2629 1493 2673 et
1535 2617 1968 2689 quemadmodum

247 2711 337 2782 qui
378 2722 525 2767 tuum
566 2712 845 2786 imperium
895 2712 1139 2784 maliqnis
1199 2712 1358 2767 oculis
1418 2712 1605 2785 carpit,
1660 2710 1970 2764 contradicit

249 2805 571 2860 ordinationi
613 2806 845 2874 divinae,
888 2806 964 2861 ita
1007 2818 1053 2861 et
1095 2817 1152 2861 tu
1193 2825 1330 2876 cave,
1373 2823 1501 2878 quae
1552 2815 1668 2860 sunt
1709 2803 1967 2859 Ecclesiae

251 2898 320 2952 ad
360 2909 405 2954 te
446 2900 672 2968 trah-ens,
716 2918 901 2972 maqno
942 2901 1154 2956 crimini
1195 2901 1447 2955 obnoxius
1485 2900 1596 2972 fias
1643 2903 1797 2966 Date,
1841 2897 1966 2952 scri-
