2114 3289
1664 107 1769 158 137

893 223 937 298 ᾗ.
987 232 1077 283 59.

416 416 488 461 DE
527 414 809 470 RUBRICIS„
846 414 1185 468 SUMMARHS,
1224 414 1296 457 ET
1332 411 1570 459 GLOSSIS

222 604 277 659 In
322 603 543 679 Corpore
586 604 723 659 Juris
768 602 1011 659 Canonici
1058 615 1251 677 praeter
1287 604 1471 676 capita,
1509 604 1613 657 sive
1644 620 1857 656 canones

141 711 405 754 occurrunt
463 702 611 754 etiam
672 698 947 767 Rubricae,
1009 696 1325 766 Summaria,
1370 708 1416 751 et
1469 695 1699 752 Glossae.
1754 693 1861 748 Ru-

144 794 312 849 bricae
357 807 468 849 sunt
512 795 769 849 titulorum
815 795 1204 867 inscriptioneS,
1249 792 1396 847 ducto
1448 793 1647 847 nomine
1709 811 1736 845 a
1779 791 1862 844 lit-

142 891 260 944 teris
322 890 508 958 rubris,
572 889 753 961 quibus
815 888 936 943 olim
997 887 1364 942 scribebantur.
1428 886 1676 941 Bifariam
1731 885 1862 938 divi-

139 982 346 1052 duntur,
394 984 624 1038 videlicet
677 984 726 1036 in
785 981 1163 1054 praeceptivus,
1225 993 1270 1035 et
1330 1000 1434 1034 non
1486 979 1860 1052 praeceptiva&

139 1075 495 1151 praeceptivae
557 1077 810 1145 dicuntur,
855 1095 980 1147 quae
1037 1095 1236 1130 sensum
1286 1075 1559 1148 perfectum
1604 1074 1862 1140 exhibent,

137 1189 216 1226 ex,
261 1190 338 1241 gr.
384 1190 442 1225 ne
494 1170 623 1225 Sede
687 1182 892 1225 vacante
954 1169 1147 1241 aliquid
1209 1171 1491 1224 innovetur.
1555 1166 1864 1237 Hujusmodi

138 1265 368 1319 rubricae
431 1266 639 1336 allegari
710 1276 916 1337 possunt
976 1262 1303 1334 clirpose'tice,
1366 1264 1492 1316 sicut
1562 1259 1866 1315 Canonistae

139 1359 429 1431 loquuntur3
474 1360 567 1413 hoc
611 1370 684 1412 est
728 1358 828 1411 vim
871 1357 996 1428 legis
1041 1357 1246 1425 habent,
1303 1367 1470 1429 utpote
1514 1374 1640 1428 quae
1685 1374 1712 1408 a
1775 1352 1869 1407 Le-

139 1453 376 1523 gislatore
439 1451 709 1526 profectae,
773 1451 848 1505 vel
917 1451 1241 1506 confirmatae
1302 1461 1432 1506 sunt.
1497 1447 1687 1504 Contra
1753 1468 1866 1504 vero

139 1547 368 1602 rubricae
414 1545 674 1602 Gratianei
722 1545 938 1615 Decreti,
981 1546 1099 1618 quia
1147 1546 1221 1600 vel
1266 1565 1294 1599 a
1339 1543 1605 1613 Gratiano,
1670 1543 1743 1597 vel
1806 1543 1870 1597 ab

140 1642 240 1696 alio
286 1643 480 1714 privato
525 1641 728 1695 homine
789 1639 1041 1695 confectae
1103 1639 1327 1708 fuerunt9
1390 1640 1683 1693 auctoritate
1745 1637 1869 1707 legis

147 1735 500 1792 destituuntur.
562 1733 817 1789 Rubricae
862 1755 957 1790 non
1013 1735 1359 1808 praeceptivae
1423 1744 1681 1800 vocantur,
1734 1751 1869 1804 quae

138 1830 410 1905 perfectum
454 1850 654 1886 sensum
699 1850 796 1885 non
841 1830 1046 1899 habent,
1092 1832 1195 1884 sive
1239 1849 1366 1901 quae
1396 1829 1524 1883 nihil
1554 1829 1870 1901 praecipiunt

139 1937 224 1981 aut
268 1937 451 1994 vetant,
497 1945 575 1981 ex,
622 1944 698 1995 gr.
746 1925 806 1979 de
851 1923 1334 1992 Constitutionibus9
1387 1923 1448 1977 de
1508 1922 1869 1987 TestamentiS,

138 2032 184 2075 et
226 2019 278 2074 id
339 2040 494 2092 genus
559 2022 878 2092 aliae‚(1uae
938 2019 1128 2073 idcirco
1192 2031 1449 2090 tamquam
1515 2018 1646 2087 leges
1692 2016 1869 2071 baberi

139 2134 234 2169 non
281 2127 508 2189 possunt,
555 2117 673 2187 quia
718 2114 846 2169 nihil
891 2115 1010 2168 certi
1042 2113 1362 2186 praefiniunt.
1397 2111 1626 2166 Attamen
1661 2111 1871 2181 allegari

138 2222 345 2282 possunt
389 2209 720 2278 (ἰθεῖα-ι’(ιῐιύο,
767 2220 1010 2281 quatenus
1056 2207 1362 2262 declarando
1425 2207 1605 2261 canoni
1667 2207 1871 2260 omnino

142 2305 323 2373 valent,
369 2307 411 2359 si
458 2304 609 2358 verba
654 2303 879 2373 ejusdem
910 2304 1116 2357 canonis
1154 2301 1392 2372 ambigua
1424 2303 1539 2356 sint.
1574 2299 1657 2355 Sic
1687 2298 1869 2355 Glossa

141 2399 190 2452 in
236 2418 346 2472 cap.
395 2400 520 2452 Cum.
581 2396 978 2465 „nonas-terium,
1042 2395 1107 2449 ad
1169 2397 1290 2449 haec
1354 2397 1560 2450 canonis
1633 2394 1783 2448 verba
1844 2413 1870 2449 ((

144 2494 490 2549 postulationi
536 2512 707 2548 eorum
746 2493 1034 2565 praebuisti
1096 2511 1356 2547 assensum
1405 2503 1431 2538 ))
1492 2490 1640 2545 infert
1699 2508 1755 2543 eo
1818 2490 1869 2543 in

139 2609 257 2643 casn
304 2608 400 2643 non
447 2608 636 2643 meram
680 2588 1086 2662 postulationem,
1119 2587 1205 2642 sed
1246 2587 1535 2641 electionem
1567 2584 1869 2639 celebratam

142 2683 312 2752 fuisse,
358 2696 619 2757 propterea
664 2681 798 2754 quod
862 2701 1020 2736 canon
1083 2682 1176 2736 sub
1220 2681 1420 2735 rubrica
1481 2681 1541 2732 dc
1604 2679 1868 2748 electione,

139 2788 184 2830 et
229 2797 325 2832 non
371 2778 431 2831 de
474 2777 815 2850 postulatione
863 2790 1158 2832 recensetur.

222 2870 509 2927 Summaria
554 2883 666 2926 sunt
722 2872 894 2926 breves
957 2872 1072 2926 illae
1136 2869 1349 2943 periodi,
1412 2870 1593 2941 quibus
1653 2888 1866 2924 canones
