2114 3289
355 123 429 173 42
663 135 755 172 un.
782 134 817 171 1.
845 133 961 170 oAP.
988 131 1022 169 1.
1053 130 1113 169 DE
1140 129 1297 170 s’rA‘ru
1324 130 1593 170 nect-issue

271 252 510 311 sumunt3
553 256 679 312 quae
722 246 1015 306 argumenta
1070 231 1242 290 Justus
1302 230 1618 306 Henningius
1679 231 1990 299 Boehmerus

269 335 320 389 in
375 333 537 390 Instit.
582 330 691 387 Jur.
736 328 1027 385 Ecclesiast.
1074 327 1139 382 ad
1183 328 1476 384 methodum
1518 327 1857 384 Decretalium
1899 327 1991 384 lib.

269 425 293 481 I
336 429 414 483 tit.
462 427 486 480 1
536 419 581 496 3.
629 426 661 476 5
707 423 790 479 his
834 422 1001 477 verbis
1045 421 1337 495 complexus
1380 432 1488 477 est:
1541 422 1687 479 Sicut
1728 419 1839 475 alia
1881 419 1994 476 Col-

268 520 404 592 leyia
461 519 519 573 in
577 516 868 573 civitatibus
926 516 1185 571 societates
1236 514 1473 587 aequales
1520 527 1675 583 suut,
1719 515 1796 570 ita
1837 514 1995 569 etiam

269 613 496 668 Ecclesia
536 622 648 667 tum
690 629 758 666 ex
799 620 963 666 mente
1007 609 1292 668 Salvatoris
1335 620 1381 664 et
1414 610 1583 682 prasci
1609 608 1993 683 Apostolorum,

269 719 377 761 tum
421 724 488 762 eoe
530 715 725 761 natura
767 704 1056 777 Reliqionis
1097 703 1378 779 imperium
1418 703 1730 777 respuentis,
1774 713 1884 758 tum
1925 718 1994 757 ea:

272 801 798 875 Rerumpublicarum
855 799 1068 869 indole,
1131 815 1260 873 quae
1322 814 1426 855 non
1467 798 1749 854 admittunt
1789 802 1995 857 Statum

269 897 328 951 in
370 899 538 953 Statu.

349 989 505 1058 Quod
565 990 631 1045 ad
689 974 911 1064 primum
970 996 1322 1060 argumentum
1382 987 1590 1057 attinet,
1650 984 1992 1042 Protestantes

269 1095 564 1159 pernegant,
603 1084 871 1154 vestigium
912 1081 1071 1138 ullum
1114 1082 1375 1157 potestatis
1420 1081 1719 1155 imperiique
1761 1079 1994 1136 ecclesia-

270 1181 384 1234 stici
445 1180 497 1234 in
556 1176 703 1234 libris
755 1178 875 1233 novi
923 1173 1236 1232 Testamenti
1278 1177 1528 1250 reperiri3
1571 1177 1674 1231 imo
1717 1193 1834 1231 vero
1876 1190 1995 1229 con-

272 1285 404 1329 stare
447 1292 509 1329 ex
551 1272 733 1328 iisdem
775 1271 920 1328 libris
966 1270 1238 1340 affirmant,
1274 1267 1538 1328 Christum
1583 1270 1796 1325 vetuisse
1838 1264 1995 1326 Mini-

271 1380 401 1424 stros
463 1366 719 1422 Ecclesiae
761 1364 1042 1440 quidquam
1083 1383 1314 1420 exercere
1366 1363 1568 1438 imperii
1621 1374 1668 1419 et
1709 1363 1989 1438 potestatis,

272 1461 403 1518 Tota
445 1463 637 1517 isthaec
681 1460 1024 1516 controversia
1066 1459 1119 1514 in
1162 1456 1430 1514 verborum
1455 1458 1863 1533 interpretatione
1891 1475 1998 1513 ver-

270 1569 446 1629 satur3
488 1572 704 1629 namque
746 1574 804 1611 ea
847 1552 1122 1610 Sacrarum
1163 1550 1472 1610 Litterarum
1513 1551 1646 1623 loca,
1675 1551 1858 1626 quibus
1901 1572 1993 1608 nos

271 1651 336 1707 ad
380 1649 697 1725 probandam
740 1646 999 1704 Ecclesiae
1040 1658 1337 1721 potestatem
1381 1647 1607 1717 utimur,
1650 1643 1993 1702 protestantes

270 1743 767 1819 interpretationibus
829 1741 1115 1797 arbitrariis
1175 1753 1223 1796 et
1281 1741 1638 1797 commentitiis
1681 1742 1734 1796 in
1776 1740 1995 1796 alienum

273 1858 474 1895 sensum
518 1838 834 1911 detorquent.
879 1833 999 1904 Qua
1043 1855 1192 1911 super
1235 1854 1287 1891 re
1322 1836 1366 1891 si
1392 1834 1454 1890 de
1478 1834 1691 1906 singulis
1718 1832 1993 1891 Sacrarum

271 1931 579 1988 Litterarum
632 1932 794 2001 lociS‚
846 1930 1006 2005 deque
1048 1949 1222 1987 eorum
1266 1949 1383 1985 vera
1427 1941 1659 2004 rectaque
1701 1931 1996 2003 interpreta-

272 2031 405 2085 tione
449 2029 695 2085 disserere
739 2028 1148 2099 aggrederemur,
1183 2027 1335 2081 nimis
1381 2027 1543 2082 oratio
1586 2037 1757 2081 nostra
1799 2036 1997 2100 praeter

273 2125 488 2179 instituti
551 2125 710 2178 nostri
771 2124 1015 2177 rationem
1074 2123 1126 2176 in
1187 2121 1386 2191 longius
1441 2120 1740 2191 duceretur3
1781 2119 1836 2175 id
1880 2139 1996 2177 vero

273 2219 558 2274 doctissimi
618 2214 871 2287 Theologi
931 2228 978 2271 et
1039 2212 1342 2271 Canonistae
1393 2214 1540 2288 plena
1594 2232 1746 2271 manu
1786 2215 1999 2288 praesti-

274 2325 454 2369 terunt.
624 2375 629 2380 ,

351 2407 451 2465 Sed
513 2407 824 2464 Boehmerus
885 2408 955 2462 acl
1009 2407 1232 2480 praxim
1293 2406 1655 2479 Apostolorum
1719 2416 1995 2479 provocat9

274 2505 426 2578 idque
470 2522 568 2558 non
611 2503 884 2571 immerito,
927 2514 1188 2576 propterea
1232 2502 1368 2575 quod
1413 2502 1618 2556 minime
1661 2498 1994 2554 dubitandum

274 2611 367 2668 est,
412 2600 533 2672 quin
577 2594 807 2671 Apostoli
850 2597 1076 2651 omnium
1119 2594 1315 2651 Christi
1359 2596 1627 2651 verborum
1669 2611 1869 2648 sensum
1913 2612 1996 2667 pe-

274 2697 406 2750 nitus
451 2695 737 2765 cognitum,
791 2692 1034 2767 planeque
1095 2692 1412 2765 exploratum
1470 2690 1754 2747 habuerint.
1821 2687 1995 2763 Itaque

275 2787 633 2862 Apostolorum
694 2788 868 2857 dicta,
927 2787 1158 2860 factaque
1217 2786 1561 2860 inspiciamus,
1623 2781 1739 2839 Jam
1792 2803 1907 2839 vero
1951 2785 1994 2838 si

277 2895 385 2936 acta
448 2883 803 2956 Apostolorum
856 2900 1127 2954 eorumque
1168 2880 1405 2955 epistolas
1449 2879 1700 2950 legimus,
1743 2897 1855 2934 ecce
1899 2877 1990 2933 tibi
