2114 3289
448 112 491 188 ὃ.
521 135 635 172 Lvn.
666 134 726 169 DE
753 133 948 170 enemo.
980 133 1207 176 nonnum.
1236 131 1548 168 nmUNl'rATE
1664 116 1773 166 207

136 237 358 292 dictione
403 236 712 308 Principum
754 236 1100 290 saecularium
1145 234 1387 306 eaeempti.
1433 233 1690 299 Secundo,
1735 234 1857 303 quia

136 331 194 384 in
229 331 503 403 primitiva
556 330 785 385 Ecclesia
829 330 1015 385 Clerici
1059 340 1105 383 et
1154 347 1330 383 eorum
1380 344 1460 381 res
1495 323 1860 400 jurisdictioni

136 426 335 496 Regum
379 436 424 479 et
476 429 858 498 Imperatorum
919 425 1180 490 suberant,
1223 434 1279 476 ut
1340 431 1529 475 constat
1580 439 1647 475 eac
1689 419 1864 474 multis

134 521 518 589 Imperatorum
562 520 717 574 etiam
744 518 1144 573 christianorum
1171 516 1362 587 leqibus
1389 525 1433 569 et
1478 513 1864 570 Constitutioni-

133 611 223 663 bus
265 611 383 665 latis
427 613 488 667 de
526 613 760 685 personis
810 613 933 685 ipsis
976 624 1021 666 et
1072 612 1219 665 rebus
1272 607 1635 664 ecclesiasticis.
1689 607 1864 661 Tertio

130 704 499 778 principaliter
542 707 817 761 deducitur
861 725 928 760 ecc
960 706 1264 760 auctoritate
1308 701 1491 767 Pauli,
1518 701 1607 772 qui
1649 719 1764 754 cum
1790 700 1864 754 vi-

139 799 281 854 deret
308 820 511 857 causam
537 821 681 857 suam
707 803 884 875 inique
915 802 1154 867 tractari,
1178 800 1248 854 ad
1275 802 1541 854 Caesarem
1568 796 1861 869 appellavit.

137 895 333 956 Quarto
375 896 514 951 idem
556 896 820 969 manifeste
868 907 1059 950 constat
1104 913 1170 949 etc
1216 894 1388 948 eodem
1416 890 1586 945 Paulo
1613 891 1682 944 acl
1710 893 1859 945 Rom.

139 1005 248 1060 cap.
296 992 389 1060 13,
432 991 520 1045 ubi
562 991 765 1045 scribit:
810 991 989 1045 Omnis
1032 990 1209 1044 anima
1245 985 1579 1059 potestatibus
1603 984 1865 1038 sublimio-

141 1082 280 1136 ribus
330 1085 534 1140 subdita
591 1086 672 1142 sit.
734 1087 846 1149 Quo
890 1085 945 1139 in
988 1084 1094 1137 loco
1139 1082 1517 1153 Clirysostomus
1559 1080 1861 1143 annoto-vit)

138 1176 247 1231 illic
289 1179 631 1234 obedientiam
674 1180 888 1254 injunqi
932 1179 1186 1244 omnibuS,
1217 1177 1371 1231 etiam
1415 1175 1457 1229 si
1498 1175 1609 1245 quis
1653 1191 1864 1244 ecanye-

138 1271 255 1326 lista
296 1273 396 1339 sit,
441 1285 531 1328 aut
564 1274 856 1347 propheta,
901 1292 1013 1327 cum
1057 1272 1154 1326 illa
1196 1269 1442 1343 subjectio
1481 1268 1725 1340 pietatem
1767 1267 1864 1320 nii-

135 1365 273 1420 nime
316 1367 587 1425 subvertat.
631 1368 823 1433 Quinto
866 1367 986 1422 lzaec
1029 1367 1142 1438 ipsa
1184 1363 1360 1436 opinio
1403 1362 1760 1433 comprobatur
1795 1371 1864 1414 te-

136 1460 374 1514 stimonio
418 1462 564 1517 Petri
606 1462 662 1516 in
707 1480 783 1534 ep.
829 1465 864 1515 I
901 1479 1012 1533 cap.
1062 1463 1094 1512 2
1137 1458 1212 1512 ita
1256 1457 1325 1511 ad
1353 1472 1538 1521 ,omnes
1583 1455 1736 1509 etiam
1770 1458 1863 1511 Sa-

134 1554 358 1609 cerdotes
417 1557 720 1611 scribentis:
782 1556 989 1612 Subditi
1050 1563 1199 1608 estote
1261 1550 1485 1605 dominis
1542 1550 1720 1605 vestris
1762 1549 1862 1604 sice

137 1649 289 1720 Περί,
331 1650 431 1705 sive
475 1651 704 1705 Ducibus
746 1650 809 1704 ab
851 1669 907 1705 eo
950 1647 1134 1703 missis,

217 1744 282 1798 At
325 1763 441 1799 vero
487 1747 573 1817 qni
616 1757 790 1800 contra
833 1745 1078 1810 sentiunt,
1124 1751 1451 1812 asseruntqne
1494 1740 1862 1813 exemptionem

137 1834 450 1893 Clericorum
511 1839 662 1893 etiarn
722 1840 774 1894 in
828 1837 1062 1893 civilibus
1107 1835 1320 1905 negotiis
1364 1844 1410 1887 et
1453 1833 1750 1887 criminibus
1795 1831 1861 1886 ad

135 1933 216 2002 jus
260 1931 488 1987 divinum
531 1931 844 1987 referendam
888 1950 1029 1999 esse,
1074 1932 1111 1985 ii
1155 1928 1359 2002 quidem
1406 1926 1739 1981 validioribus
1783 1946 1864 1980 ar-

137 2027 232 2080 mis
274 2044 497 2099 pugnare
541 2026 788 2081 videntur.
834 2024 933 2081 Sed
979 2044 1038 2079 ne
1082 2024 1336 2094 longiores
1380 2022 1576 2089 simus‚
1620 2021 1716 2076 hoc
1761 2039 1860 2075 nno

137 2131 428 2190 argumento
473 2121 690 2176 contenti
733 2121 919 2175 erimus
964 2139 992 2174 a
1035 2116 1335 2173 Traditione
1378 2113 1635 2169 Ecclesiae
1679 2115 1859 2183 duem,

136 2214 272 2287 quod
314 2225 386 2269 est
428 2213 738 2285 hujusmodi.
783 2213 1005 2276 Quando
1049 2209 1311 2279 Traditio,
1355 2221 1407 2263 ut
1449 2212 1519 2264 ait
1561 2208 1858 2264 Franciscus

137 2305 325 2363 Suarez
354 2310 418 2372 >in
462 2306 749 2362 defensione
792 2306 1071 2362 catholicae
1114 2305 1232 2359 fidei
1276 2304 1366 2360 lib.
1413 2302 1487 2357 IV
1529 2323 1639 2376 cap.
1690 2307 1744 2370 8,
1789 2313 1858 2356 est

136 2412 365 2455 constans
413 2419 471 2455 ac
505 2411 779 2473 perpetua,
823 2399 1084 2454 ostendere
1128 2398 1249 2452 solet
1284 2397 1377 2471 jus
1419 2397 1678 2461 dii-inum2
1707 2413 1863 2467 prae-

135 2496 308 2549 sertim
351 2496 558 2566 quando
600 2513 703 2549 non
745 2504 959 2567 apparet
1001 2492 1139 2547 ratio
1181 2492 1329 2547 illam
1372 2490 1636 2545 tribuendi
1663 2501 1859 2562 aposto-

136 2589 262 2643 licae
302 2589 646 2643 institutioni:
691 2588 808 2642 talis
851 2599 1021 2642 autem
1050 2605 1148 2642 esse
1175 2587 1381 2641 videtur
1426 2584 1668 2638 Traditio
1702 2584 1861 2658 liujus

138 2684 512 2754 eaeeinptioni53
574 2693 642 2737 est
703 2701 881 2755 nempe
932 2682 1061 2737 adeo
1110 2681 1348 2751 antiqua,
1400 2690 1456 2732 ut
1499 2678 1701 2732 nullu-m
1745 2678 1860 2752 ejus

136 2787 437 2846 agnoscatur
494 2777 748 2848 initium3
809 2795 930 2831 nam
984 2794 1084 2849 pro
1145 2787 1431 2847 temporum
1475 2773 1856 2845 opportunitate-

135 2887 326 2943 semper
368 2882 565 2926 servata
609 2883 698 2938 est,
727 2871 1006 2945 praecipue
1051 2889 1170 2927 vero
1204 2879 1318 2941 post
1361 2880 1592 2941 tempora
1618 2867 1854 2923 christia-
