2114 3289
338 107 384 184 §.
414 130 578 168 xxvu.
611 131 670 165 DE
699 131 819 165 JURE
850 129 1234 166 EPIscorATUUM
1264 129 1625 166 Emer-:Nomium
1692 116 1760 165 87

128 233 260 289 facto
304 230 682 307 Apostolorum,
727 244 831 287 tum
874 252 936 288 ex
978 233 1190 288 decretis
1235 230 1598 302 Conciliorum,
1636 244 1740 287 tum
1782 253 1845 288 ex

128 325 432 401 Apostolicis
488 324 979 396 Constitutionil)11S‚
1032 328 1246 400 denique
1289 346 1352 381 ex
1393 338 1632 401 perpetua
1675 338 1722 381 et
1762 346 1845 398 ge-

127 420 284 474 nerali
327 421 477 474 totius
521 417 776 475 Ecclesiae
818 420 1088 495 disciplina
1131 421 1475 476 confirmatur.

204 511 383 568 Petrus
428 513 489 568 de
531 512 707 568 Marca
751 514 812 568 de
855 512 1109 571 Concord.
1155 512 1363 570 Sacerd.
1408 526 1455 569 et
1488 512 1617 588 Imp.
1653 514 1743 570 lib.
1775 512 1844 570 ΙΙ.

125 626 235 681 cap.
270 611 321 662 9.
349 610 690 679 quaestionem
728 610 887 682 ponit,
915 626 984 661 aa
1027 608 1297 680 Principes
1332 619 1579 680 potestate
1615 608 1848 680 polleant

124 718 277 754 novos
318 700 832 774 Arclt'e‘episcopataS,
876 713 966 755 aut
1009 702 1342 774 Episcopatus
1383 703 1669 759 instituere.
1728 701 1847 771 Qua

126 795 187 850 de
231 815 282 850 re
328 797 621 869 priusquam
656 795 973 870 respondeat,
1001 796 1127 851 illud
1162 798 1282 852 scite
1309 797 1684 866 animadvertit,
1711 796 1847 869 quod

126 889 212 944 ubi
254 892 475 964 primum
505 888 838 964 Imperatores
882 892 1108 961 aggressi
1152 904 1265 946 sunt
1308 892 1450 946 novis
1494 889 1848 964 Archiepisco-

124 984 356 1058 patibus9
404 985 479 1039 vel
523 983 910 1058 Episcopatibns
955 985 1208 1055 erigendis
1252 1004 1456 1059 operam
1499 985 1655 1054 dare9
1699 983 1849 1040 Inno-

126 1081 316 1134 centius
361 1077 401 1135 I.
447 1081 499 1133 iu
541 1078 770 1153 Epistola
814 1079 877 1134 ad
923 1078 1270 1134 Alexandrum
1312 1078 1683 1135 Antiochenum
1726 1078 1847 1152 Epi-

126 1193 353 1247 scopum9
388 1192 475 1228 nec
520 1193 618 1229 non
662 1171 906 1228 Generale
951 1171 1236 1229 Concilium
1280 1172 1691 1228 Chalcedonense
1733 1193 1844 1229 can.

131 1270 221 1323 11.
268 1268 582 1322 vehementer
625 1267 959 1336 obstiterunt,
1003 1287 1063 1322 ne
1114 1268 1269 1321 ullum
1332 1266 1588 1322 Ecclesiae
1645 1268 1846 1337 juribus

126 1361 479 1416 detrimentum
523 1360 806 1415 inferretur.
853 1359 910 1414 In
942 1359 1126 1416 Galliis
1154 1358 1508 1414 Childehertus
1536 1359 1847 1416 Francorum

124 1455 239 1512 Rex
280 1455 639 1530 Episcopatum
682 1453 946 1511 Meloduni
988 1454 1289 1510 fundaverat
1332 1454 1396 1510 ad
1422 1457 1714 1528 petitionem
1741 1456 1848 1530 ple-

122 1551 238 1620 bis,
298 1553 502 1624 ejusque
563 1551 635 1604 rei
686 1561 1082 1623 oppugnatorem
1129 1549 1353 1604 validum
1397 1550 1587 1604 invenit
1630 1546 1849 1606 Leonem

126 1644 467 1702 Senonensem
527 1643 835 1718 Episcopum
895 1645 947 1698 in
997 1643 1226 1717 Epistola
1276 1644 1340 1699 ad
1384 1644 1614 1699 eumdem
1657 1643 1850 1716 Regem

126 1740 263 1796 data.
310 1738 374 1793 Et
416 1757 661 1794 consensu
705 1736 946 1809 Sigiberti
992 1736 1149 1808 Regis
1185 1740 1236 1792 in
1263 1736 1442 1793 Castro
1469 1737 1693 1793 Dunensi
1719 1739 1850 1795 facta

124 1835 287 1890 fuerat
331 1835 449 1889 novi
492 1831 826 1907 Episcopatus
871 1833 1138 1901 institutio,
1166 1850 1377 1904 cumque
1419 1829 1679 1906 Pappolus
1724 1832 1849 1888 Car-

123 1929 348 1985 notensis
392 1928 672 2003 Episcopus
715 1946 862 1998 aegre
907 1926 1181 1981 admodum
1223 1925 1276 1980 id
1320 1926 1534 1996 tulisset,
1560 1946 1638 1982 res
1682 1927 1849 1982 delata

122 2023 287 2080 estad
316 2021 600 2079 Concilium
645 2019 934 2076 Parisiense
974 2020 1278 2075 celebratum
1322 2039 1453 2075 anno
1500 2024 1664 2090 573„
1708 2022 1845 2095 quod

127 2130 237 2173 acta
299 2119 469 2174 omnia
531 2116 752 2172 rescidit.
815 2114 976 2184 Igitur
1019 2114 1295 2170 Gallicana
1337 2115 1601 2185 Ecclesia„
1647 2128 1698 2170 ut
1743 2118 1848 2190 ipse

120 2214 229 2281 ait,
272 2211 329 2265 in
373 2211 603 2266 eamdem
645 2210 948 2264 sententiam
991 2228 1106 2264 cam
1148 2210 1356 2281 Synodo
1410 2210 1848 2277 Cltalcedonensi,

123 2318 171 2361 et
214 2305 508 2362 Imaoceatii
551 2305 750 2360 decreto
793 2305 1139 2377 conspiravit)
1187 2305 1489 2377 putat-itque
1551 2306 1692 2377 nefas
1751 2322 1849 2360 esse

125 2404 326 2474 Regum
367 2401 587 2473 imperio
629 2401 962 2472 Episcopatus
1005 2418 1158 2454 novos
1208 2400 1430 2456 institui.
1491 2399 1677 2456 Totum
1735 2419 1851 2456 vero

124 2510 273 2572 caput
316 2499 455 2553 hisce
498 2497 662 2552 verbis
707 2496 992 2551 concludit:
1038 2500 1211 2561 Quare
1255 2515 1358 2550 aon
1401 2495 1632 2564 estquod
1658 2513 1691 2548 a
1717 2512 1849 2548 com-

125 2593 271 2646 muni
306 2591 613 2646 ttttiversalis
648 2590 902 2645 Ecclesiae
939 2609 1085 2646 seusa
1109 2592 1406 2647 recedamus
1430 2589 1581 2661 foeda
1606 2589 1664 2642 in
1691 2589 1850 2643 Prin.-

126 2686 258 2757 oipes
292 2686 613 2755 adulatione,
656 2696 711 2739 ut
755 2685 966 2757 contiyit
1010 2689 1189 2741 Marco
1233 2684 1456 2739 Antonio
1500 2684 1561 2737 de
1606 2683 1846 2737 Dominis

127 2781 216 2850 qai
259 2781 657 2854 Episcopataum
685 2781 1062 2835 institutionem
1098 2780 1323 2851 Regibus.
1357 2795 1631 2850 perperam
1659 2788 1703 2831 et
1731 2796 1848 2831 con-

126 2886 209 2928 tra
250 2874 380 2945 ipsos
424 2879 649 2930 Canones
691 2876 946 2941 asseruit)
992 2875 1142 2947 cajus
1197 2873 1498 2928 sententiam
1545 2872 1848 2927 recentiores
