2114 3289
338 88 448 141 250
522 106 615 142 LIB.
635 105 706 141 111.
735 103 781 140 C.
809 104 862 139 11.
894 103 952 139 DE
980 103 1138 139 REBUS
1166 105 1305 141 ECGL.
1336 105 1542 141 POTEST.
1572 104 1828 142 SUBJECTIS

248 212 376 282 jure,
420 211 507 267 sed
550 211 612 265 de
654 209 785 265 facto
829 210 1106 281 cognoscit,
1150 219 1317 263 utrum
1358 228 1438 266 ex.
1481 228 1559 281 gr.
1604 210 1972 266 ecclesiasticus

248 306 404 376 judex
444 306 695 375 legitimos
740 314 907 372 testeS,
934 314 981 357 et
1006 305 1144 377 ipsos
1187 302 1441 374 litigantes
1475 304 1712 373 audierit,
1751 308 1815 358 an
1840 304 1974 359 suffi-

250 401 458 455 cientem
503 398 784 453 defensioni
827 397 993 452 locum
1037 396 1251 466 dederit,
1295 415 1359 451 an
1401 396 1613 471 denique
1657 399 1756 454 alia
1807 399 1858 453 in
1901 418 1974 468 re,

249 514 376 566 quae
420 492 484 547 ad
517 492 825 562 judiciorum
869 491 1098 547 ordinem
1143 493 1406 566 pertineat,
1450 504 1691 566 potestate
1717 513 1806 549 sua
1850 493 1973 548 abu-

250 608 332 642 sus
375 588 457 642 sit.

330 679 628 736 Communis
676 700 791 736 vero
834 693 907 736 est
942 678 1334 736 Canonistarum
1379 683 1641 751 sententia,
1685 700 1875 736 meram
1923 693 1969 736 et

250 776 530 849 simplicem
602 775 989 849 appellationem
1033 776 1083 829 in
1138 775 1362 848 qualibet
1415 795 1565 830 causa
1627 777 1878 850 spirituali
1922 788 1969 830 et

245 870 585 924 ecclesiastica
641 870 871 924 illicitam
914 881 961 924 et
1004 869 1195 924 nullam
1246 889 1373 940 esse,
1417 889 1530 925 cum
1583 889 1757 924 earum
1800 889 1966 925 rerum

242 966 462 1035 cognitio
507 964 572 1019 ad
617 965 779 1019 solam
822 963 1103 1019 Ecclesiam
1148 966 1410 1038 pertineat.
1457 963 1637 1020 Petrus
1681 964 1742 1018 de
1785 962 1965 1019 Marca

244 1059 332 1114 lib.
381 1057 453 1112 1V
496 1078 608 1132 cap.
658 1061 727 1113 19
776 1055 821 1131 3.
852 1062 884 1113 5
930 1058 991 1113 de
1029 1056 1316 1114 Concordia
1361 1057 1645 1115 Sacerdotii
1672 1070 1719 1112 et
1762 1057 1969 1132 Imperii

244 1156 365 1208 llaec
410 1153 578 1208 habet:
626 1154 923 1226 Simplicem
967 1164 1011 1208 et
1055 1171 1250 1207 meram
1294 1153 1692 1226 appellationem
1734 1172 1766 1207 a
1810 1153 1970 1208 Curia

245 1249 580 1303 ecclesiastica
622 1249 692 1301 acl
736 1249 949 1303 Curiam
1000 1249 1198 1319 reqiam
1242 1248 1299 1302 in
1343 1248 1520 1303 Gallia
1570 1266 1835 1319 nunquam
1878 1247 1971 1302 acl-

246 1345 449 1398 missam
495 1344 648 1416 faisse
690 1344 920 1415 fatentur
964 1346 1151 1398 Petrus
1193 1344 1255 1398 de
1293 1344 1539 1415 Cuyneris
1582 1354 1681 1399 art.
1732 1345 1826 1410 14,
1857 1346 1971 1399 Ma-

247 1439 447 1492 suerius
490 1439 568 1495 cit.
615 1438 675 1492 (lc
720 1438 962 1510 appellat.
1006 1434 1050 1509 3.
1100 1442 1195 1504 ⁶232,
1241 1451 1284 1492 et
1327 1442 1550 1492 Joamzes
1593 1439 1734 1492 Galli
1777 1449 1968 1509 quaest.

255 1536 382 1589 161.
429 1532 491 1587 Et
517 1532 735 1587 Joannes
780 1532 959 1587 Petrus
1005 1531 1182 1588 Gihert
1216 1534 1449 1607 potestati
1492 1532 1650 1588 laicae
1694 1532 1968 1588 admodum

244 1627 475 1682 addictus
520 1629 684 1700 prima
720 1639 848 1700 part.
895 1625 1186 1697 Prolegom.
1234 1628 1298 1682 ad
1333 1626 1424 1682 Jus
1470 1625 1783 1682 Canonicum
1827 1628 1901 1682 tit.
1934 1630 1965 1680 8

241 1734 360 1778 sect.
409 1726 477 1776 3:
524 1722 883 1792 Magyislralus,
928 1722 1018 1790 ait,
1063 1732 1373 1793 usurparent
1416 1721 1798 1787 auctoritatem,
1836 1738 1965 1791 quae

239 1817 334 1870 sihi
379 1834 480 1869 non
524 1816 781 1888 competit,
836 1815 879 1869 si
937 1816 1305 1888 appellationes
1364 1827 1625 1887 tamquam
1685 1816 1747 1869 ab
1808 1816 1968 1870 abusu

242 1911 594 1977 calmitlcrenl,
639 1929 752 1963 cum
796 1911 1045 1964 sententia
1095 1929 1196 1962 non
1257 1922 1325 1964 est
1384 1910 1645 1965 evidenter
1704 1910 1969 1965 contraria

239 2006 433 2076 leqibus
478 2004 754 2070 Ecclesiae,
799 2006 924 2075 quia
966 2005 1022 2058 in
1065 2005 1155 2059 lzoc
1199 2023 1318 2058 casa
1360 2005 1535 2076 (τρίταν
1595 2005 1657 2059 de
1717 2005 1970 2078 interpre-

239 2102 429 2155 talione
474 2120 746 2170 canonum,
790 2120 917 2172 quae
962 2120 1064 2155 non
1106 2102 1341 2174 competit
1386 2102 1656 2174 Principis
1713 2101 1837 2173 leqz's
1885 2102 1967 2155 in-

239 2197 537 2269 terpretatio
573 2197 763 2269 pendet
813 2197 876 2251 ab
937 2216 1015 2263 ec,
1060 2197 1150 2268 qui
1210 2196 1324 2270 ejas
1382 2196 1626 2269 ferendae
1686 2197 1966 2251 auctorita-

238 2303 338 2345 lem
380 2292 544 2345 habet.

321 2385 567 2453 Quaestio
595 2386 751 2456 igitur
777 2386 828 2439 in
858 2404 914 2440 eo
944 2388 1170 2456 vertitur,
1215 2406 1278 2441 an
1306 2386 1665 2461 appellationes
1702 2397 1956 2458 tamquam

240 2482 303 2536 ab
349 2482 508 2535 abusu
571 2480 773 2554 proprie
816 2479 999 2549 dictae,
1044 2482 1094 2535 in
1148 2482 1330 2553 quibus
1375 2499 1551 2554 nempe
1595 2480 1852 2554 appellans
1896 2478 1957 2533 de

243 2576 428 2630 violato
473 2575 649 2630 ordine
700 2574 932 2644 judiciali
983 2577 1322 2647 conqueritur,
1367 2575 1531 2630 licitae
1586 2586 1819 2646 rataeque
1863 2574 1952 2628 ha-

240 2670 432 2724 bendae
476 2665 616 2724 sint?
643 2667 951 2738 Hujusmodi
984 2688 1099 2723 vero
1128 2669 1518 2742 appellationum
1552 2669 1752 2742 patroni
1796 2668 1956 2722 tribus

239 2765 544 2833 argumentis
592 2775 810 2819 utuntttr.
857 2761 1087 2817 Primum
1114 2773 1205 2830 cst,
1234 2763 1361 2816 inter
1403 2763 1666 2816 christiani
1701 2760 1955 2835 Principis

235 2860 398 2913 officia
443 2857 565 2912 illud
610 2877 716 2911 csse
761 2858 1103 2931 praecipuum,
1146 2856 1279 2929 quod
1307 2875 1478 2912 curam
1520 2868 1566 2910 et
1599 2855 1937 2912 defensionem
