2114 3289
428 102 472 178 §-
508 125 730 161 xxxvlu.
765 124 824 159 ne
856 124 1202 161 Accmiumrss
1234 125 1579 162 coucmoamt
1708 112 1777 161 89

226 228 490 284 Praeterea
532 230 611 299 jus
654 227 976 282 ferendarum
1019 229 1183 298 legum
1244 230 1294 283 in
1357 227 1600 284 Conciliis
1655 248 1861 300 genera-

144 323 276 379 libus
328 323 528 378 residet.
592 319 763 393 Itaque
825 322 992 391 legeS‚
1055 324 1157 376 sive
1202 323 1496 396 disciplinae
1539 343 1752 379 canones
1797 325 1861 378 ab

143 417 324 471 iisdem
369 414 610 471 Conciliis
656 418 911 470 constituti
956 415 1019 469 ad
1066 418 1350 472 universam
1394 416 1672 471 Ecclesiam
1710 420 1862 491 perti-

144 521 277 578 nent9
320 522 366 564 et
408 510 471 564 ab
517 510 749 564 omnibus
795 509 1030 563 servandi
1075 522 1204 565 sunt.

220 602 409 659 Verum
473 604 608 676 quod
653 604 825 657 attinet
869 602 932 657 ad
978 601 1206 658 Concilia
1250 605 1612 678 particularia,
1657 606 1858 678 quando

141 717 202 752 ex
257 700 408 754 veteri
453 699 721 772 disciplina
766 698 826 751 (le
870 698 1017 753 rebus
1062 698 1362 769 dogmaticis
1405 700 1735 769 judicabant,
1779 719 1861 755 eo-

141 813 249 848 rum
294 795 485 863 judicia
530 793 845 868 probabilem
890 793 1040 848 fidem
1085 793 1355 863 faciebant,
1390 813 1486 851 non
1532 815 1646 850 vero
1674 808 1860 850 certam

141 898 186 941 et
229 888 338 942 falli
382 890 620 944 nesciam.
682 886 785 942 Ubi
832 907 947 943 vero
993 891 1286 943 auctoritate
1340 888 1535 943 Summi
1589 888 1854 944 Pontificis

142 983 589 1052 confirmabantur,
634 995 738 1038 tum
783 995 969 1038 certam
1013 994 1059 1037 et
1102 984 1452 1055 infallibilem)
1491 996 1544 1038 ut
1585 986 1744 1054 ajunt,
1772 1005 1859 1039 au-

139 1079 420 1132 ctoritatem
466 1063 912 1150 consequebantur.
961 1076 1133 1150 Itaque
1177 1078 1350 1133 eadem
1388 1079 1584 1133 decreta
1615 1081 1699 1132 vix
1725 1079 1858 1134 edita

138 1170 203 1225 ad
248 1169 512 1226 Summum
548 1169 847 1226 Pontificem
874 1172 1136 1244 probanda
1164 1172 1508 1241 mittebantur,
1536 1173 1671 1244 quod
1699 1185 1860 1226 osteu-

139 1263 214 1319 dit
257 1263 626 1320 Thomassinus
671 1265 794 1320 diss.
842 1263 917 1318 IX
960 1266 1010 1318 in
1055 1263 1301 1320 Concilia.
1369 1264 1453 1319 Sic
1497 1285 1691 1321 errores
1736 1265 1858 1320 Hel-

142 1358 302 1427 vidii„
357 1356 593 1428 Pelagii,
638 1370 684 1412 et
727 1357 1040 1413 priscilliani
1084 1360 1135 1412 in
1180 1356 1422 1413 Conciliis
1464 1361 1859 1434 provincialibus

140 1450 399 1520 Thelensi‚
443 1449 719 1521 AfricaniS‚
763 1464 809 1506 et
851 1450 1095 1507 Toletano
1141 1452 1458 1507 condemnati
1503 1466 1634 1523 sunt,
1679 1466 1724 1508 et
1776 1474 1860 1510 eo-

137 1547 365 1602 rumdem
410 1545 753 1602 Conciliorum
796 1547 1179 1619 irreformabile
1219 1548 1466 1618 judicium
1502 1550 1731 1604 habitum
1764 1563 1856 1619 est,

137 1653 407 1715 postquam
452 1640 766 1696 confirmatio
810 1640 1130 1716 Apostolicae
1176 1641 1321 1698 Sedis
1367 1646 1593 1701 accessit.

217 1733 428 1790 Decreta
473 1753 609 1804 vero9
653 1736 757 1790 sive
803 1735 1101 1809 disciplinae
1147 1756 1359 1792 canones
1405 1758 1432 1792 a
1465 1740 1854 1812 particularibus

139 1827 383 1885 Conciliis
428 1830 618 1886 conditi
663 1830 738 1884 vel
782 1831 1055 1899 nationem,
1101 1831 1177 1885 vel
1221 1832 1554 1904 provinciam,
1601 1834 1675 1888 vel
1719 1834 1857 1889 dioe-

134 1928 288 1981 cesim
333 1927 572 1995 afficiunt,
617 1939 763 2000 prout
807 1925 1036 1982 Concilia
1084 1927 1158 1981 vel
1202 1928 1498 1996 nationalia9
1533 1929 1609 1983 vel
1651 1932 1857 2003 provin-

134 2021 321 2089 cialia,
369 2021 442 2075 vel
488 2021 784 2076 dioecesana
827 2021 1047 2089 fuerint,
1092 2021 1504 2093 quandoquidem
1565 2024 1855 2079 eorumdem

135 2113 500 2189 Episcoporum
563 2126 779 2188 potestas
840 2134 1044 2170 suarum
1107 2115 1411 2171 dioecesium
1463 2117 1646 2173 finibus
1698 2122 1855 2174 conti-

133 2221 292 2265 netur.

193 2397 406 2455 Plerique
442 2396 668 2456 Theologi
707 2404 754 2444 et
788 2399 1072 2445 Canouistae
1109 2400 1369 2458 disputant,
1407 2407 1560 2447 utrum
1599 2402 1861 2447 Concilium

124 2479 342 2537 generale
392 2479 453 2523 sit
501 2480 714 2536 superius
763 2481 1006 2536 pontifice,
1045 2493 1102 2526 an
1140 2477 1370 2528 inferius?
1420 2483 1517 2528 Hac
1554 2483 1608 2527 de
1645 2495 1693 2527 re
1744 2484 1861 2527 satis

122 2559 268 2605 multa
303 2560 428 2605 dicta
465 2566 573 2606 sunt
608 2561 656 2605 in
695 2567 940 2620 utramque
966 2569 1163 2620 partem,
1188 2576 1307 2620 quae
1331 2565 1487 2609 omnia
1520 2562 1694 2608 referre
1718 2564 1861 2608 nimis

122 2638 314 2697 longum
340 2647 476 2687 esset:
503 2654 652 2699 pauca
674 2649 830 2688 tamen
856 2644 1129 2690 brevissime
1154 2645 1484 2690 indicabimus.
1505 2644 1670 2689 Nostra
1700 2645 1861 2702 itaque

124 2724 360 2766 sententia
409 2728 504 2776 est,
554 2730 836 2780 potestatem
886 2726 1087 2771 Concilii
1138 2726 1374 2785 generalis
1424 2724 1696 2770 inferiorem
1761 2738 1860 2771 esse

121 2805 350 2856 potestate
386 2803 565 2848 Summi
602 2805 856 2850 Pontificis.
895 2806 1145 2852 Enimvero
1184 2813 1390 2865 potestas
1413 2806 1730 2852 Conciliorum
1774 2820 1859 2864 ge·-

123 2880 353 2927 neralium
402 2885 614 2942 superior
662 2892 809 2940 esset,
848 2887 916 2933 vel
965 2888 1147 2934 ratione
1198 2885 1502 2934 auctoritatis
1552 2886 1856 2948 episcopalis,
