2114 3289
348 81 459 133 188
530 97 622 132 Llss.
650 97 700 131 11.
734 96 779 130 c,
807 94 858 129 ιι.
892 94 950 128 DE
980 93 1138 129 Ense.
1169 93 1395 136 commo.
1424 94 1532 128 Juss.
1563 94 1620 126 ET
1648 92 1856 128 oFchs

252 214 371 274 pter
414 202 527 277 ejus
568 199 899 256 latitudinem
940 198 1149 251 visitare
1192 215 1294 251 non
1341 198 1550 270 poterit,
1592 197 1768 252 saltem
1810 196 1979 270 majo-

261 316 369 354 rem
412 298 524 372 ejus
560 307 783 369 partem,
826 295 902 349 ita
943 305 1115 348 tamen
1159 304 1210 347 ιιι
1254 304 1359 347 tota
1400 294 1606 349 biennio
1642 313 1739 367 per
1781 311 1853 361 se,
1902 292 1980 348 vel

254 411 354 465 per
392 391 677 446 visitatores
704 406 817 442 suos
844 387 1180 461 compleatur.
1228 385 1426 444 Concil.
1471 388 1702 445 Trident.
1747 407 1874 445 sess,
1906 391 1981 442 24

262 507 372 560 cap.
419 490 449 541 3
496 484 558 539 de
599 483 806 540 reform.

341 579 569 652 Denique
629 597 727 634 non
804 590 1112 652 postremum
1187 575 1556 652 Episcoporum
1631 578 1850 634 officium
1909 589 1982 632 est

262 673 582 730 Sacrificium
626 673 804 730 offerre
846 692 938 747 pro
981 671 1187 746 popuIO,
1230 690 1502 744 curamque
1545 672 1795 745 suscipere
1820 671 1984 747 pupil-

262 771 447 839 lorum,
492 770 780 839 viduarum,
807 781 854 824 et
879 788 1052 825 eorum
1095 770 1182 842 qui
1225 770 1276 824 in
1304 779 1592 843 paupertate
1619 780 1752 837 sunt,
1777 770 1985 842 opisque

263 867 454 922 alienae
498 866 742 937 indigent.

1037 997 1082 1074 ς.
1132 1004 1197 1057 51

852 1153 926 1199 DE
963 1153 1102 1200 JURE
1141 1153 1385 1199 JUBENDI

347 1335 427 1392 Ex
484 1356 594 1410 cap.
658 1338 1003 1406 Conquereme
1070 1337 1139 1389 16
1203 1335 1264 1390 (16
1325 1336 1455 1391 offic.
1509 1332 1678 1390 Judic.
1742 1329 1987 1390 Ordinar.

267 1428 662 1500 Palermitanus‚
703 1430 891 1503 aliique
933 1432 1123 1503 passim
1170 1428 1466 1503 Interpretes
1517 1429 1761 1498 colligunt
1821 1428 1991 1483 omnia

266 1526 400 1596 jura,
443 1544 571 1598 quae
612 1524 980 1599 Episcoporum
1022 1525 1230 1599 propria
1290 1536 1421 1580 sunt.
1483 1521 1593 1580 Nos
1653 1542 1716 1578 ex
1775 1522 1989 1578 instituti

268 1621 428 1675 nostri
499 1621 690 1674 ratione
749 1638 806 1673 ea
868 1630 1059 1673 tantum
1124 1620 1238 1689 jura
1298 1618 1668 1693 expendimus,
1737 1636 1865 1690 quae
1926 1615 1991 1671 ad

268 1725 530 1768 externum
573 1712 829 1768 Ecclesiae
856 1714 1077 1784 regimen
1103 1715 1366 1787 pertinent.
1396 1712 1592 1769 Horum
1619 1711 1806 1786 duplex
1837 1729 1992 1782 genus

270 1820 361 1877 est,
405 1827 619 1880 quorum
663 1809 882 1881 primum
926 1827 982 1862 ea
1023 1808 1137 1877 jura
1180 1807 1546 1881 complectitur,
1589 1826 1716 1880 quae
1759 1825 1823 1861 ex
1873 1824 1993 1859 con-

271 1902 488 1956 tentiosa
528 1901 882 1973 jurisdictione
926 1901 1103 1971 fluunt,
1130 1914 1177 1956 et
1204 1903 1443 1956 nimirum
1468 1902 1548 1972 jus
1580 1900 1810 1971 jubendi,
1836 1900 1995 1971 leges-

272 2016 367 2070 que
410 1997 623 2065 fcrendi‚
663 1997 743 2066 jus
787 1995 1122 2067 cognoscendi
1166 1995 1539 2068 definiendique
1579 2014 1782 2064 causas,
1825 2007 1872 2050 et
1911 1996 1993 2065 jus

272 2093 324 2147 in
368 2104 532 2147 sontes
576 2091 760 2149 debitis
821 2093 994 2165 poenis
1056 2090 1509 2146 animadvertendi.
1554 2087 1780 2145 Alterum
1839 2108 1994 2160 genus

272 2205 336 2242 ex
378 2187 440 2241 iis
482 2186 680 2256 juribus
724 2198 938 2256 constat,
965 2205 1093 2259 quae
1119 2185 1183 2241 ad
1210 2184 1559 2240 voluntariam
1591 2183 1995 2255 jurisdictionem

273 2292 522 2354 spectant:
549 2292 662 2334 sunt
690 2292 852 2334 autem
893 2281 974 2351 jus
1018 2280 1366 2355 dispensandi,
1392 2293 1439 2335 et
1462 2280 1543 2350 jus
1581 2276 1991 2335 administrandi.

274 2373 349 2429 De
391 2374 573 2447 quibus
625 2373 857 2430 omnibus
908 2375 1127 2430 breviter
1185 2374 1456 2430 dicendum
1515 2386 1608 2442 est,
1670 2384 1717 2428 et
1775 2373 1994 2446 primum

276 2469 337 2524 dc
379 2471 488 2539 jure
529 2468 757 2539 jubendi.

355 2563 483 2620 Cum
526 2564 766 2639 Episcopi
800 2564 957 2636 positi
999 2565 1100 2618 sint
1141 2583 1173 2618 α
1217 2565 1422 2637 Spiritu
1463 2568 1649 2620 Sancto
1691 2578 1864 2633 reqerc
1900 2560 1996 2613 Ec-

275 2659 483 2713 clesiam
524 2659 645 2728 Dei,
689 2679 834 2714 nemo
876 2660 1240 2714 catholicorum
1284 2671 1450 2730 negat,
1493 2670 1539 2712 et
1590 2657 1856 2731 Episcopis
1915 2657 1995 2725 jus

274 2774 380 2809 csse
421 2754 630 2823 jubendi
673 2774 759 2809 seu
802 2753 994 2808 ferendi
1037 2753 1191 2824 leges,
1252 2764 1298 2807 et
1359 2769 1759 2825 unumquemque
1815 2749 1996 2804 debere

277 2850 354 2903 sui
416 2847 657 2921 Episcopi
718 2848 912 2919 legibus
973 2848 1343 2920 obtemperare.
1407 2845 1663 2913 Quocirca
1725 2842 1994 2918 Apostolus
