2114 3289
377 144 446 194 16
669 160 782 197 cAr.
830 161 863 196 1.
910 161 970 196 DE
1013 162 1137 197 suni-2
1181 160 1299 197 CAN.
1346 163 1633 199 GENERATHI

291 263 540 319 dinalium
601 263 920 337 prudentiam
979 274 1127 336 atque
1178 263 1463 320 doctrinam
1504 265 1712 339 plurimi
1755 266 2013 325 faciendae

291 359 423 427 sint,
468 376 566 413 non
611 356 843 412 videntur
883 368 1050 412 tamen
1091 376 1204 414 eam
1247 359 1350 412 vim
1393 357 1609 429 habere,
1654 372 1706 416 ut
1753 361 2014 418 inferiores

289 452 485 523 judices
523 451 729 523 adigant
772 450 837 506 ad
881 450 1016 506 idem
1057 452 1111 506 in
1154 451 1407 508 similibus
1452 455 1617 509 causis
1659 454 2014 526 judicandum,

292 558 397 602 tuni
451 548 569 621 quia
614 543 912 602 Cardinales
956 564 1056 602 non
1098 547 1459 621 interpretum,
1504 547 1592 603 sed
1633 549 1861 620 judicum
1904 569 2017 625 per-

291 660 468 697 sonam
521 652 704 712 agunt,
746 640 941 711 judices
987 659 1104 697 vero
1147 642 1277 696 inter
1319 641 1455 698 solos
1498 641 1776 713 litigatores
1818 646 1899 716 jus
1942 644 2017 701 fa-

291 738 447 806 ciunt,
489 748 595 791 tum
637 737 755 808 quia
799 737 852 790 in
894 737 1106 811 privatis
1150 737 1531 810 quaestionibus
1576 738 1852 812 peculiaria
1894 738 2015 796 facti

291 831 525 902 adjuncta
565 832 763 906 saepius
791 832 843 886 in
870 851 1021 887 causa
1067 844 1200 901 sunt,
1228 851 1318 886 cur
1358 833 1426 887 ita
1468 831 1738 902 judicetur.
1775 832 2014 909 Quapro-

287 938 398 1000 pter
441 923 732 980 Cardinalis
776 925 851 980 De
894 923 1029 981 Luca
1074 927 1126 1007 in
1169 924 1409 983 Annotat.
1456 924 1652 982 Concil.
1698 925 1847 984 Trid.
1886 928 2014 985 disc.

293 1023 317 1074 1
370 1039 505 1077 num.
555 1023 619 1074 11
671 1023 770 1092 ait,
815 1040 1088 1076 erroneum
1131 1039 1231 1077 esse
1274 1023 1332 1077 in
1367 1021 1778 1095 particularibus
1833 1023 2018 1078 Decla-

286 1115 573 1171 rationibus
615 1134 730 1171 eum
772 1128 1010 1172 consueta
1051 1135 1201 1172 caeca
1237 1117 1340 1190 fide
1383 1118 1488 1171 vim
1530 1118 1857 1186 constituere,
1901 1136 2018 1173 cum

285 1210 449 1277 illae,
493 1228 622 1282 quae
665 1212 930 1283 singulm,
973 1211 1053 1267 vel
1086 1211 1436 1284 particulares
1478 1222 1791 1267 concernunt
1835 1230 2017 1280 casus,

288 1323 358 1359 eoe
400 1323 575 1359 eorum
609 1306 928 1379 particulari
971 1306 1242 1378 qualitate,
1276 1317 1321 1362 et
1364 1306 1766 1362 circumstantiis
1801 1325 2016 1362 manare

285 1399 520 1467 soleant,
562 1400 779 1472 ideoque
832 1401 987 1456 alteri
1048 1401 1276 1456 diversas
1335 1401 1751 1457 circumstantias
1811 1401 2017 1456 habenti

286 1512 390 1548 non
430 1512 626 1568 semper
668 1506 785 1549 sunt
828 1495 1182 1569 applicabiles,
1208 1514 1324 1550 eum
1366 1495 1709 1551 diversimode
1752 1496 1811 1551 ob
1847 1496 2016 1551 diver-

285 1606 394 1644 sam
433 1590 560 1662 facti
603 1589 906 1660 qualitatem
947 1589 1149 1663 saepius
1192 1590 1464 1646 decernere
1508 1601 1775 1663 conqruat.

365 1682 743 1741 Declarationes
788 1704 926 1755 ver0,
969 1703 1097 1757 quae
1129 1684 1195 1740 ab
1220 1684 1397 1756 eadem
1424 1682 1830 1757 Congregatione
1856 1683 2012 1739 edun-

287 1791 403 1848 tur,
448 1798 674 1852 quaeque
716 1781 920 1853 proprie
964 1780 1016 1834 in
1059 1779 1228 1850 legum
1270 1780 1679 1853 interpretatione
1723 1791 2014 1848 versantur,

285 1874 599 1929 authenticas
640 1884 686 1928 et
729 1873 981 1944 legitimas
1025 1892 1132 1930 esse
1175 1875 1504 1930 affirmamus,
1549 1870 1851 1929 Authentica
1879 1874 2014 1928 enim

285 1979 334 2022 et
388 1968 614 2039 legitima
659 1970 1003 2042 interpretatio
1046 1980 1155 2037 est,
1199 1987 1327 2041 quae
1370 1968 1425 2022 fit
1469 1987 1497 2023 a
1540 1965 1891 2037 Legislatore,
1938 1967 2015 2022 vel

290 2062 357 2117 ab
399 2062 500 2118 alio
544 2081 607 2117 ex
648 2063 807 2136 ipsius
852 2059 1183 2133 Legislatoris
1227 2063 1539 2118 auctoritate.
1601 2060 1718 2117 Jam
1772 2080 1887 2129 vero
1938 2063 2014 2117 in-

287 2157 667 2230 terpretationes
726 2154 1147 2227 Congregationis
1197 2154 1415 2212 Concilii
1458 2154 1752 2226 hujusmodi
1796 2157 2013 2212 auctori-

292 2261 389 2304 tate
432 2252 674 2307 nituntur.
719 2248 985 2323 Siquidem
1026 2249 1175 2306 Trid.
1220 2248 1457 2321 Synodus
1501 2270 1625 2306 sess,
1674 2253 1744 2304 25
1790 2251 1852 2305 cle
1882 2250 2013 2305 reci-

276 2345 487 2417 piendis
530 2356 575 2399 et
618 2345 946 2399 observandis
987 2344 1220 2399 Decretis
1264 2344 1484 2399 Concilii
1526 2346 1616 2414 ait,
1644 2364 1696 2401 se
1738 2343 2010 2413 confidere,

287 2440 605 2496 difficultates
656 2453 703 2496 et
744 2441 1083 2497 dubitationes
1128 2459 1330 2510 omneS,
1374 2458 1502 2514 quae
1545 2440 1879 2509 occurrerint,
1924 2458 2012 2513 per

286 2533 575 2590 Romanum
619 2534 918 2591 Pontificem
960 2535 1214 2591 sublatum
1255 2536 1342 2605 iri,
1379 2533 1722 2588 commodiore
1764 2550 2009 2604 quacum-

286 2646 380 2699 que
406 2629 606 2684 ratione
652 2629 698 2684 ei
740 2629 905 2684 visum
945 2629 1122 2702 fuerit.
1166 2627 1389 2685 Romani
1433 2648 1548 2684 vero
1574 2626 1846 2684 Pontifices
1873 2627 2008 2683 istud

287 2740 462 2779 munus
521 2723 885 2798 interpretandi
934 2723 1170 2792 decreta,
1214 2742 1342 2797 quae
1385 2723 1451 2778 ad
1495 2721 1855 2796 disciplinam,
1900 2740 2008 2777 mo-

291 2836 499 2891 rumque
542 2819 894 2875 formationem
937 2820 1203 2893 pertinent,
1230 2818 1393 2875 eidem
1436 2812 2006 2889 Congregationi'detu-

286 2911 463 2968 lerunt.
525 2912 648 2984 Ejus
692 2932 810 2984 crgo
855 2911 1274 2986 Congregationis
1323 2912 1754 2988 interpretationes
1799 2912 2005 2969 authen-
