<?xml version="1.0" encoding="UTF-8"?>
<!DOCTYPE html PUBLIC "-//W3C//DTD XHTML 1.0 Transitional//EN"
    "http://www.w3.org/TR/xhtml1/DTD/xhtml1-transitional.dtd">
<html xmlns="http://www.w3.org/1999/xhtml" xml:lang="en" lang="en">
 <head>
  <title>
</title>
<meta http-equiv="Content-Type" content="text/html;charset=utf-8" />
  <meta name='ocr-system' content='tesseract 3.04.00' />
  <meta name='ocr-capabilities' content='ocr_page ocr_carea ocr_par ocr_line ocrx_word'/>
</head>
<body>
  <div class='ocr_page' id='page_1' title='image "./joanniscardinali00sogl_0149.png"; bbox 0 0 2114 3289; ppageno 0'>
   <div class='ocr_carea' id='block_1_1' title="bbox 215 112 1769 186">
    <p class='ocr_par' dir='ltr' id='par_1_1' title="bbox 215 112 1769 186">
     <span class='ocr_line' id='line_1_1' title="bbox 215 112 1769 186; baseline -0.003 -15"><span class='ocrx_word' id='word_1_1' title='bbox 215 112 260 186; x_wconf 62' lang='lat'>§-</span> <span class='ocrx_word' id='word_1_2' title='bbox 294 135 390 171; x_wconf 84' lang='lat' dir='ltr'><strong>LVI.</strong></span> <span class='ocrx_word' id='word_1_3' title='bbox 426 135 485 170; x_wconf 72' lang='lat' dir='ltr'>ne</span> <span class='ocrx_word' id='word_1_4' title='bbox 515 133 649 170; x_wconf 77' lang='lat' dir='ltr'>Auis</span> <span class='ocrx_word' id='word_1_5' title='bbox 677 132 822 170; x_wconf 73' lang='lat' dir='ltr'>neon.</span> <span class='ocrx_word' id='word_1_6' title='bbox 852 134 998 170; x_wconf 66' lang='lat' dir='ltr'>con„</span> <span class='ocrx_word' id='word_1_7' title='bbox 1030 133 1060 169; x_wconf 84' lang='lat' dir='ltr'>A</span> <span class='ocrx_word' id='word_1_8' title='bbox 1092 133 1239 170; x_wconf 83' lang='lat' dir='ltr'><strong>GRAT.</strong></span> <span class='ocrx_word' id='word_1_9' title='bbox 1269 131 1334 168; x_wconf 81' lang='lat' dir='ltr'>Ao</span> <span class='ocrx_word' id='word_1_10' title='bbox 1361 132 1509 169; x_wconf 83' lang='lat' dir='ltr'><strong>GREG.</strong></span> <span class='ocrx_word' id='word_1_11' title='bbox 1542 131 1615 167; x_wconf 81' lang='lat' dir='ltr'>lx.</span> <span class='ocrx_word' id='word_1_12' title='bbox 1665 115 1769 168; x_wconf 85' lang='lat'>131</span> 
     </span>
    </p>
   </div>
   <div class='ocr_carea' id='block_1_2' title="bbox 122 233 1858 3034">
    <p class='ocr_par' dir='ltr' id='par_1_2' title="bbox 127 233 1857 762">
     <span class='ocr_line' id='line_1_2' title="bbox 127 233 1853 307; baseline -0.003 -14"><span class='ocrx_word' id='word_1_13' title='bbox 127 236 342 307; x_wconf 75' lang='lat' dir='ltr'>officiis3</span> <span class='ocrx_word' id='word_1_14' title='bbox 402 237 527 292; x_wconf 89' lang='lat' dir='ltr'>alter</span> <span class='ocrx_word' id='word_1_15' title='bbox 586 235 648 290; x_wconf 89' lang='lat' dir='ltr'>de</span> <span class='ocrx_word' id='word_1_16' title='bbox 704 234 951 306; x_wconf 76' lang='lat' dir='ltr'>judicii53</span> <span class='ocrx_word' id='word_1_17' title='bbox 1011 237 1184 291; x_wconf 90' lang='lat' dir='ltr'>tertius</span> <span class='ocrx_word' id='word_1_18' title='bbox 1247 235 1308 291; x_wconf 91' lang='lat' dir='ltr'>de</span> <span class='ocrx_word' id='word_1_19' title='bbox 1360 236 1462 290; x_wconf 89' lang='lat' dir='ltr'>vita</span> <span class='ocrx_word' id='word_1_20' title='bbox 1505 245 1551 289; x_wconf 92' lang='lat' dir='ltr'>et</span> <span class='ocrx_word' id='word_1_21' title='bbox 1594 233 1853 289; x_wconf 89' lang='lat' dir='ltr'>honestate</span> 
     </span>
     <span class='ocr_line' id='line_1_3' title="bbox 132 327 1857 403; baseline -0.001 -19"><span class='ocrx_word' id='word_1_22' title='bbox 132 327 482 399; x_wconf 83' lang='lat' dir='ltr'>Clericorum,</span> <span class='ocrx_word' id='word_1_23' title='bbox 525 329 772 403; x_wconf 82' lang='lat' dir='ltr'><strong>rebusque</strong></span> <span class='ocrx_word' id='word_1_24' title='bbox 814 329 1209 401; x_wconf 71' lang='lat' dir='ltr'>ecclesiasticis3</span> <span class='ocrx_word' id='word_1_25' title='bbox 1252 341 1458 403; x_wconf 88' lang='lat' dir='ltr'>quartus</span> <span class='ocrx_word' id='word_1_26' title='bbox 1502 328 1564 383; x_wconf 91' lang='lat' dir='ltr'>de</span> <span class='ocrx_word' id='word_1_27' title='bbox 1606 327 1857 402; x_wconf 88' lang='lat' dir='ltr'>sponsali-</span> 
     </span>
     <span class='ocr_line' id='line_1_4' title="bbox 131 421 1855 496; baseline -0.001 -18"><span class='ocrx_word' id='word_1_28' title='bbox 131 423 262 494; x_wconf 79' lang='lat' dir='ltr'>bus,</span> <span class='ocrx_word' id='word_1_29' title='bbox 304 436 350 478; x_wconf 90' lang='lat' dir='ltr'>et</span> <span class='ocrx_word' id='word_1_30' title='bbox 393 424 756 493; x_wconf 79' lang='lat' dir='ltr'>matrimoni03</span> <span class='ocrx_word' id='word_1_31' title='bbox 808 425 1010 496; x_wconf 86' lang='lat' dir='ltr'>quintus</span> <span class='ocrx_word' id='word_1_32' title='bbox 1070 424 1131 478; x_wconf 91' lang='lat' dir='ltr'>de</span> <span class='ocrx_word' id='word_1_33' title='bbox 1192 423 1636 491; x_wconf 80' lang='lat' dir='ltr'>accusationibUS,</span> <span class='ocrx_word' id='word_1_34' title='bbox 1695 421 1855 494; x_wconf 85' lang='lat' dir='ltr'>deque</span> 
     </span>
     <span class='ocr_line' id='line_1_5' title="bbox 128 515 1856 591; baseline -0.002 -18"><span class='ocrx_word' id='word_1_35' title='bbox 128 517 362 587; x_wconf 74' lang='lat' dir='ltr'>delictis,</span> <span class='ocrx_word' id='word_1_36' title='bbox 405 530 452 573; x_wconf 93' lang='lat' dir='ltr'>et</span> <span class='ocrx_word' id='word_1_37' title='bbox 494 518 686 591; x_wconf 77' lang='lat' dir='ltr'>poenis,</span> <span class='ocrx_word' id='word_1_38' title='bbox 751 515 924 590; x_wconf 89' lang='lat' dir='ltr'>Itaque</span> <span class='ocrx_word' id='word_1_39' title='bbox 967 517 1196 574; x_wconf 82' lang='lat' dir='ltr'>collectio</span> <span class='ocrx_word' id='word_1_40' title='bbox 1239 516 1506 591; x_wconf 86' lang='lat' dir='ltr'>Papiensis</span> <span class='ocrx_word' id='word_1_41' title='bbox 1558 516 1651 572; x_wconf 89' lang='lat' dir='ltr'>fuit</span> <span class='ocrx_word' id='word_1_42' title='bbox 1703 516 1856 572; x_wconf 89' lang='lat' dir='ltr'>veluti</span> 
     </span>
     <span class='ocr_line' id='line_1_6' title="bbox 127 609 1853 685; baseline -0.001 -19"><span class='ocrx_word' id='word_1_43' title='bbox 127 612 448 685; x_wconf 87' lang='lat' dir='ltr'>archetypus,</span> <span class='ocrx_word' id='word_1_44' title='bbox 482 611 545 666; x_wconf 87' lang='lat' dir='ltr'>ad</span> <span class='ocrx_word' id='word_1_45' title='bbox 577 613 716 682; x_wconf 87' lang='lat' dir='ltr'>cujus</span> <span class='ocrx_word' id='word_1_46' title='bbox 748 611 1032 685; x_wconf 80' lang='lat' dir='ltr'>exemplum</span> <span class='ocrx_word' id='word_1_47' title='bbox 1075 611 1297 684; x_wconf 86' lang='lat' dir='ltr'>reliquae</span> <span class='ocrx_word' id='word_1_48' title='bbox 1340 612 1657 667; x_wconf 82' lang='lat' dir='ltr'>collectiones</span> <span class='ocrx_word' id='word_1_49' title='bbox 1702 609 1853 666; x_wconf 87' lang='lat' dir='ltr'>ador-</span> 
     </span>
     <span class='ocr_line' id='line_1_7' title="bbox 129 717 448 762; baseline 0.009 -3"><span class='ocrx_word' id='word_1_50' title='bbox 129 717 274 761; x_wconf 86' lang='lat' dir='ltr'>natae</span> <span class='ocrx_word' id='word_1_51' title='bbox 317 718 448 762; x_wconf 92' lang='lat' dir='ltr'>sunt.</span> 
     </span>
    </p>

    <p class='ocr_par' dir='ltr' id='par_1_3' title="bbox 127 800 1857 1439">
     <span class='ocr_line' id='line_1_8' title="bbox 207 800 1857 876; baseline -0.001 -20"><span class='ocrx_word' id='word_1_52' title='bbox 207 800 508 876; x_wconf 87' lang='lat' dir='ltr'>Papiensem</span> <span class='ocrx_word' id='word_1_53' title='bbox 550 801 700 875; x_wconf 89' lang='lat' dir='ltr'>paulo</span> <span class='ocrx_word' id='word_1_54' title='bbox 744 815 855 875; x_wconf 89' lang='lat' dir='ltr'>post</span> <span class='ocrx_word' id='word_1_55' title='bbox 898 803 1082 857; x_wconf 89' lang='lat' dir='ltr'>imitati</span> <span class='ocrx_word' id='word_1_56' title='bbox 1127 814 1241 857; x_wconf 88' lang='lat' dir='ltr'>sunt</span> <span class='ocrx_word' id='word_1_57' title='bbox 1284 802 1523 856; x_wconf 75' lang='lat' dir='ltr'>Gibercus</span> <span class='ocrx_word' id='word_1_58' title='bbox 1568 801 1765 869; x_wconf 77' lang='lat' dir='ltr'>Abbas,</span> <span class='ocrx_word' id='word_1_59' title='bbox 1811 813 1857 855; x_wconf 91' lang='lat' dir='ltr'>et</span> 
     </span>
     <span class='ocr_line' id='line_1_9' title="bbox 127 893 1856 969; baseline 0 -20"><span class='ocrx_word' id='word_1_60' title='bbox 127 895 328 950; x_wconf 79' lang='lat' dir='ltr'>Alanus</span> <span class='ocrx_word' id='word_1_61' title='bbox 370 894 653 968; x_wconf 70' lang='lat' dir='ltr'>Episcopus</span> <span class='ocrx_word' id='word_1_62' title='bbox 684 893 1166 965; x_wconf 78' lang='lat' dir='ltr'>Autissiodorensis,</span> <span class='ocrx_word' id='word_1_63' title='bbox 1193 897 1279 969; x_wconf 89' lang='lat' dir='ltr'>qui</span> <span class='ocrx_word' id='word_1_64' title='bbox 1310 911 1584 952; x_wconf 79' lang='lat' dir='ltr'>canones&#39;a</span> <span class='ocrx_word' id='word_1_65' title='bbox 1615 893 1856 969; x_wconf 90' lang='lat' dir='ltr'>Papiensi</span> 
     </span>
     <span class='ocr_line' id='line_1_10' title="bbox 127 988 1853 1062; baseline -0.002 -17"><span class='ocrx_word' id='word_1_66' title='bbox 127 990 379 1058; x_wconf 79' lang='lat' dir='ltr'>omissOS,</span> <span class='ocrx_word' id='word_1_67' title='bbox 424 990 651 1062; x_wconf 87' lang='lat' dir='ltr'>aliosque</span> <span class='ocrx_word' id='word_1_68' title='bbox 694 989 811 1044; x_wconf 88' lang='lat' dir='ltr'>dein</span> <span class='ocrx_word' id='word_1_69' title='bbox 853 989 1014 1045; x_wconf 90' lang='lat' dir='ltr'>editos</span> <span class='ocrx_word' id='word_1_70' title='bbox 1059 989 1381 1061; x_wconf 81' lang='lat' dir='ltr'>collegerunt.</span> <span class='ocrx_word' id='word_1_71' title='bbox 1442 988 1544 1045; x_wconf 86' lang='lat' dir='ltr'>Sed</span> <span class='ocrx_word' id='word_1_72' title='bbox 1596 991 1853 1061; x_wconf 88' lang='lat' dir='ltr'>utriusque</span> 
     </span>
     <span class='ocr_line' id='line_1_11' title="bbox 129 1083 1854 1158; baseline 0 -21"><span class='ocrx_word' id='word_1_73' title='bbox 129 1083 358 1140; x_wconf 87' lang='lat' dir='ltr'>collectio</span> <span class='ocrx_word' id='word_1_74' title='bbox 420 1085 604 1158; x_wconf 86' lang='lat' dir='ltr'>periit,</span> <span class='ocrx_word' id='word_1_75' title='bbox 657 1095 806 1158; x_wconf 89' lang='lat' dir='ltr'>atque</span> <span class='ocrx_word' id='word_1_76' title='bbox 848 1102 911 1138; x_wconf 80' lang='lat' dir='ltr'>ex</span> <span class='ocrx_word' id='word_1_77' title='bbox 953 1102 1126 1139; x_wconf 87' lang='lat' dir='ltr'>earum</span> <span class='ocrx_word' id='word_1_78' title='bbox 1169 1085 1330 1139; x_wconf 89' lang='lat' dir='ltr'>ruinis</span> <span class='ocrx_word' id='word_1_79' title='bbox 1374 1103 1558 1139; x_wconf 85' lang='lat' dir='ltr'>novam</span> <span class='ocrx_word' id='word_1_80' title='bbox 1601 1083 1854 1139; x_wconf 88' lang='lat' dir='ltr'>collectio-</span> 
     </span>
     <span class='ocr_line' id='line_1_12' title="bbox 130 1177 1851 1250; baseline 0 -19"><span class='ocrx_word' id='word_1_81' title='bbox 130 1196 243 1232; x_wconf 87' lang='lat' dir='ltr'>nem</span> <span class='ocrx_word' id='word_1_82' title='bbox 297 1179 548 1249; x_wconf 83' lang='lat' dir='ltr'>congessit</span> <span class='ocrx_word' id='word_1_83' title='bbox 589 1179 814 1232; x_wconf 75' lang='lat' dir='ltr'>Ioannes</span> <span class='ocrx_word' id='word_1_84' title='bbox 858 1177 1128 1244; x_wconf 73' lang='lat' dir='ltr'>Galensis,</span> <span class='ocrx_word' id='word_1_85' title='bbox 1174 1197 1260 1233; x_wconf 93' lang='lat' dir='ltr'>seu</span> <span class='ocrx_word' id='word_1_86' title='bbox 1311 1177 1572 1247; x_wconf 66' lang='lat' dir='ltr'>Valensis,</span> <span class='ocrx_word' id='word_1_87' title='bbox 1616 1178 1703 1250; x_wconf 86' lang='lat' dir='ltr'>qui</span> <span class='ocrx_word' id='word_1_88' title='bbox 1745 1189 1851 1233; x_wconf 80' lang='lat' dir='ltr'>tuin</span> 
     </span>
     <span class='ocr_line' id='line_1_13' title="bbox 130 1269 1853 1345; baseline 0 -20"><span class='ocrx_word' id='word_1_89' title='bbox 130 1273 446 1345; x_wconf 78' lang='lat' dir='ltr'>superiorum</span> <span class='ocrx_word' id='word_1_90' title='bbox 489 1270 829 1339; x_wconf 86' lang='lat' dir='ltr'>Pontificum,</span> <span class='ocrx_word' id='word_1_91' title='bbox 875 1283 975 1325; x_wconf 86' lang='lat' dir='ltr'>tum</span> <span class='ocrx_word' id='word_1_92' title='bbox 1020 1269 1292 1326; x_wconf 82' lang='lat' dir='ltr'>Caelestini</span> <span class='ocrx_word' id='word_1_93' title='bbox 1337 1269 1415 1325; x_wconf 91' lang='lat' dir='ltr'>III</span> <span class='ocrx_word' id='word_1_94' title='bbox 1459 1270 1853 1327; x_wconf 85' lang='lat' dir='ltr'>Constitutiones</span> 
     </span>
     <span class='ocr_line' id='line_1_14' title="bbox 132 1363 1548 1439; baseline 0.001 -20"><span class='ocrx_word' id='word_1_95' title='bbox 132 1366 422 1439; x_wconf 79' lang='lat' dir='ltr'>complexus</span> <span class='ocrx_word' id='word_1_96' title='bbox 466 1377 556 1421; x_wconf 91' lang='lat' dir='ltr'>est.</span> <span class='ocrx_word' id='word_1_97' title='bbox 602 1363 739 1419; x_wconf 92' lang='lat' dir='ltr'>Haec</span> <span class='ocrx_word' id='word_1_98' title='bbox 782 1365 1021 1420; x_wconf 76' lang='lat' dir='ltr'>Secunda</span> <span class='ocrx_word' id='word_1_99' title='bbox 1064 1364 1301 1419; x_wconf 70' lang='lat' dir='ltr'>Collectio</span> <span class='ocrx_word' id='word_1_100' title='bbox 1345 1364 1548 1420; x_wconf 87' lang='lat' dir='ltr'>dieitur.</span> 
     </span>
    </p>

    <p class='ocr_par' dir='ltr' id='par_1_4' title="bbox 122 1457 1858 3034">
     <span class='ocr_line' id='line_1_15' title="bbox 211 1457 1851 1532; baseline -0.001 -18"><span class='ocrx_word' id='word_1_101' title='bbox 211 1457 337 1514; x_wconf 93' lang='lat' dir='ltr'>Post</span> <span class='ocrx_word' id='word_1_102' title='bbox 388 1457 726 1515; x_wconf 81' lang='lat' dir='ltr'>Caelestinum</span> <span class='ocrx_word' id='word_1_103' title='bbox 779 1457 891 1527; x_wconf 89' lang='lat' dir='ltr'>III,</span> <span class='ocrx_word' id='word_1_104' title='bbox 937 1457 1257 1514; x_wconf 86' lang='lat' dir='ltr'>Innocentius</span> <span class='ocrx_word' id='word_1_105' title='bbox 1302 1457 1379 1512; x_wconf 94' lang='grc' dir='ltr'>ΙΙΙ</span> <span class='ocrx_word' id='word_1_106' title='bbox 1423 1460 1682 1532; x_wconf 87' lang='lat' dir='ltr'>utriusque</span> <span class='ocrx_word' id='word_1_107' title='bbox 1723 1460 1851 1530; x_wconf 86' lang='lat' dir='ltr'>juris</span> 
     </span>
     <span class='ocr_line' id='line_1_16' title="bbox 131 1551 1858 1628; baseline 0.001 -20"><span class='ocrx_word' id='word_1_108' title='bbox 131 1573 188 1609; x_wconf 90' lang='lat' dir='ltr'>ac</span> <span class='ocrx_word' id='word_1_109' title='bbox 232 1554 516 1624; x_wconf 83' lang='lat' dir='ltr'>theologiae</span> <span class='ocrx_word' id='word_1_110' title='bbox 557 1554 894 1627; x_wconf 87' lang='lat' dir='ltr'>peritissimus</span> <span class='ocrx_word' id='word_1_111' title='bbox 938 1572 1090 1627; x_wconf 89' lang='lat' dir='ltr'>opera</span> <span class='ocrx_word' id='word_1_112' title='bbox 1134 1551 1385 1608; x_wconf 86' lang='lat' dir='ltr'>Bernardi</span> <span class='ocrx_word' id='word_1_113' title='bbox 1431 1551 1858 1628; x_wconf 84' lang='lat' dir='ltr'>Constantinopo-</span> 
     </span>
     <span class='ocr_line' id='line_1_17' title="bbox 126 1646 1855 1703; baseline 0.001 -1"><span class='ocrx_word' id='word_1_114' title='bbox 126 1648 270 1702; x_wconf 90' lang='lat' dir='ltr'>litani</span> <span class='ocrx_word' id='word_1_115' title='bbox 332 1648 531 1702; x_wconf 82' lang='lat' dir='ltr'>tertiam</span> <span class='ocrx_word' id='word_1_116' title='bbox 582 1646 922 1702; x_wconf 87' lang='lat' dir='ltr'>Decretalium</span> <span class='ocrx_word' id='word_1_117' title='bbox 973 1647 1317 1703; x_wconf 90' lang='lat' dir='ltr'>collectionem</span> <span class='ocrx_word' id='word_1_118' title='bbox 1362 1647 1727 1703; x_wconf 86' lang='lat' dir='ltr'>conficiendam</span> <span class='ocrx_word' id='word_1_119' title='bbox 1772 1668 1855 1703; x_wconf 89' lang='lat' dir='ltr'>cu-</span> 
     </span>
     <span class='ocr_line' id='line_1_18' title="bbox 126 1740 1853 1816; baseline 0.001 -20"><span class='ocrx_word' id='word_1_120' title='bbox 126 1744 276 1811; x_wconf 83' lang='lat' dir='ltr'>ravit,</span> <span class='ocrx_word' id='word_1_121' title='bbox 308 1743 359 1797; x_wconf 94' lang='lat' dir='ltr'>in</span> <span class='ocrx_word' id='word_1_122' title='bbox 402 1761 501 1815; x_wconf 87' lang='lat' dir='ltr'>qna</span> <span class='ocrx_word' id='word_1_123' title='bbox 545 1741 813 1798; x_wconf 88' lang='lat' dir='ltr'>duodecim</span> <span class='ocrx_word' id='word_1_124' title='bbox 857 1743 1015 1816; x_wconf 88' lang='lat' dir='ltr'>ipsius</span> <span class='ocrx_word' id='word_1_125' title='bbox 1060 1740 1326 1798; x_wconf 89' lang='lat' dir='ltr'>Pontificis</span> <span class='ocrx_word' id='word_1_126' title='bbox 1367 1742 1565 1797; x_wconf 82' lang='lat' dir='ltr'>decreta</span> <span class='ocrx_word' id='word_1_127' title='bbox 1596 1742 1853 1816; x_wconf 78' lang='lat' dir='ltr'>prioribus</span> 
     </span>
     <span class='ocr_line' id='line_1_19' title="bbox 125 1834 1851 1910; baseline 0.001 -20"><span class='ocrx_word' id='word_1_128' title='bbox 125 1834 459 1892; x_wconf 88' lang='lat' dir='ltr'>Pontificatns</span> <span class='ocrx_word' id='word_1_129' title='bbox 513 1839 658 1892; x_wconf 88' lang='lat' dir='ltr'>annis</span> <span class='ocrx_word' id='word_1_130' title='bbox 710 1837 845 1892; x_wconf 91' lang='lat' dir='ltr'>edita</span> <span class='ocrx_word' id='word_1_131' title='bbox 889 1837 1298 1905; x_wconf 79' lang='lat' dir='ltr'>continerentur,</span> <span class='ocrx_word' id='word_1_132' title='bbox 1342 1855 1494 1909; x_wconf 89' lang='lat' dir='ltr'>quam</span> <span class='ocrx_word' id='word_1_133' title='bbox 1538 1835 1718 1891; x_wconf 89' lang='lat' dir='ltr'>deinde</span> <span class='ocrx_word' id='word_1_134' title='bbox 1762 1855 1851 1910; x_wconf 90' lang='lat' dir='ltr'>per</span> 
     </span>
     <span class='ocr_line' id='line_1_20' title="bbox 126 1929 1845 2001; baseline 0.002 -19"><span class='ocrx_word' id='word_1_135' title='bbox 126 1932 342 1984; x_wconf 78' lang='lat' dir='ltr'>Petrum</span> <span class='ocrx_word' id='word_1_136' title='bbox 383 1934 803 1986; x_wconf 73' lang='lat' dir='ltr'>Beneventanum</span> <span class='ocrx_word' id='word_1_137' title='bbox 845 1943 1123 1986; x_wconf 86' lang='lat' dir='ltr'>correctam</span> <span class='ocrx_word' id='word_1_138' title='bbox 1167 1930 1302 1985; x_wconf 89' lang='lat' dir='ltr'>idem</span> <span class='ocrx_word' id='word_1_139' title='bbox 1332 1929 1570 1985; x_wconf 80' lang='lat' dir='ltr'>Pontifex</span> <span class='ocrx_word' id='word_1_140' title='bbox 1602 1930 1845 2001; x_wconf 79' lang='lat' dir='ltr'>vulgavit.</span> 
     </span>
     <span class='ocr_line' id='line_1_21' title="bbox 128 2023 1855 2100; baseline 0 -22"><span class='ocrx_word' id='word_1_141' title='bbox 128 2023 259 2080; x_wconf 91' lang='lat' dir='ltr'>Huic</span> <span class='ocrx_word' id='word_1_142' title='bbox 321 2025 605 2081; x_wconf 85' lang='lat' dir='ltr'>collectioni</span> <span class='ocrx_word' id='word_1_143' title='bbox 666 2025 816 2100; x_wconf 86' lang='lat' dir='ltr'>paulo</span> <span class='ocrx_word' id='word_1_144' title='bbox 867 2037 979 2098; x_wconf 88' lang='lat' dir='ltr'>post</span> <span class='ocrx_word' id='word_1_145' title='bbox 1028 2037 1207 2099; x_wconf 89' lang='lat' dir='ltr'>quarta</span> <span class='ocrx_word' id='word_1_146' title='bbox 1251 2026 1459 2079; x_wconf 87' lang='lat' dir='ltr'>accessit</span> <span class='ocrx_word' id='word_1_147' title='bbox 1505 2024 1730 2096; x_wconf 88' lang='lat' dir='ltr'>ejusdem</span> <span class='ocrx_word' id='word_1_148' title='bbox 1775 2023 1855 2078; x_wconf 91' lang='lat' dir='ltr'>ln-</span> 
     </span>
     <span class='ocr_line' id='line_1_22' title="bbox 126 2118 1849 2195; baseline 0.001 -22"><span class='ocrx_word' id='word_1_149' title='bbox 126 2121 344 2174; x_wconf 86' lang='lat' dir='ltr'>nocentii</span> <span class='ocrx_word' id='word_1_150' title='bbox 388 2118 465 2174; x_wconf 92' lang='lat' dir='ltr'>III</span> <span class='ocrx_word' id='word_1_151' title='bbox 518 2121 794 2195; x_wconf 74' lang='lat' dir='ltr'>auspiciis,</span> <span class='ocrx_word' id='word_1_152' title='bbox 856 2122 1041 2194; x_wconf 84' lang='lat' dir='ltr'>partim</span> <span class='ocrx_word' id='word_1_153' title='bbox 1100 2120 1305 2193; x_wconf 85' lang='lat' dir='ltr'>quidem</span> <span class='ocrx_word' id='word_1_154' title='bbox 1364 2139 1426 2174; x_wconf 75' lang='lat' dir='ltr'>ex</span> <span class='ocrx_word' id='word_1_155' title='bbox 1484 2120 1849 2194; x_wconf 84' lang='lat' dir='ltr'>posterioribus</span> 
     </span>
     <span class='ocr_line' id='line_1_23' title="bbox 126 2211 1848 2289; baseline -0.001 -20"><span class='ocrx_word' id='word_1_156' title='bbox 126 2215 286 2287; x_wconf 84' lang='lat' dir='ltr'>ipsius</span> <span class='ocrx_word' id='word_1_157' title='bbox 336 2211 601 2270; x_wconf 89' lang='lat' dir='ltr'>Pontificis</span> <span class='ocrx_word' id='word_1_158' title='bbox 651 2213 1034 2284; x_wconf 89' lang='lat' dir='ltr'>Decretalibus,</span> <span class='ocrx_word' id='word_1_159' title='bbox 1077 2216 1262 2289; x_wconf 86' lang='lat' dir='ltr'>partim</span> <span class='ocrx_word' id='word_1_160' title='bbox 1307 2233 1422 2269; x_wconf 89' lang='lat' dir='ltr'>vero</span> <span class='ocrx_word' id='word_1_161' title='bbox 1467 2233 1530 2268; x_wconf 82' lang='lat' dir='ltr'>ex</span> <span class='ocrx_word' id='word_1_162' title='bbox 1572 2214 1848 2269; x_wconf 83' lang='lat' dir='ltr'>canonibus</span> 
     </span>
     <span class='ocr_line' id='line_1_24' title="bbox 124 2305 1847 2381; baseline -0.001 -18"><span class='ocrx_word' id='word_1_163' title='bbox 124 2305 342 2364; x_wconf 91' lang='lat' dir='ltr'>Concilii</span> <span class='ocrx_word' id='word_1_164' title='bbox 402 2306 770 2363; x_wconf 69' lang='lat' dir='ltr'>Lateranensisv</span> <span class='ocrx_word' id='word_1_165' title='bbox 806 2307 880 2363; x_wconf 88' lang='lat' dir='ltr'>IV</span> <span class='ocrx_word' id='word_1_166' title='bbox 922 2309 1186 2366; x_wconf 86' lang='lat' dir='ltr'>adornata.</span> <span class='ocrx_word' id='word_1_167' title='bbox 1249 2307 1442 2376; x_wconf 83' lang='lat' dir='ltr'>Quinta</span> <span class='ocrx_word' id='word_1_168' title='bbox 1486 2307 1699 2381; x_wconf 87' lang='lat' dir='ltr'>denique</span> <span class='ocrx_word' id='word_1_169' title='bbox 1744 2308 1847 2362; x_wconf 89' lang='lat' dir='ltr'>col-</span> 
     </span>
     <span class='ocr_line' id='line_1_25' title="bbox 122 2401 1851 2477; baseline -0.001 -20"><span class='ocrx_word' id='word_1_170' title='bbox 122 2402 270 2458; x_wconf 90' lang='lat' dir='ltr'>lectio</span> <span class='ocrx_word' id='word_1_171' title='bbox 315 2401 542 2456; x_wconf 75' lang='lat' dir='ltr'>Honorii</span> <span class='ocrx_word' id='word_1_172' title='bbox 584 2406 689 2457; x_wconf 92' lang='lat' dir='ltr'>III</span> <span class='ocrx_word' id='word_1_173' title='bbox 726 2401 1011 2458; x_wconf 85' lang='lat' dir='ltr'>Decretales</span> <span class='ocrx_word' id='word_1_174' title='bbox 1055 2403 1404 2477; x_wconf 86' lang='lat' dir='ltr'>complectitur</span> <span class='ocrx_word' id='word_1_175' title='bbox 1446 2403 1673 2473; x_wconf 88' lang='lat' dir='ltr'>ejusdem</span> <span class='ocrx_word' id='word_1_176' title='bbox 1716 2401 1851 2457; x_wconf 92' lang='lat' dir='ltr'>Pon-</span> 
     </span>
     <span class='ocr_line' id='line_1_26' title="bbox 127 2496 1845 2572; baseline 0 -21"><span class='ocrx_word' id='word_1_177' title='bbox 127 2497 276 2552; x_wconf 89' lang='lat' dir='ltr'>tificis</span> <span class='ocrx_word' id='word_1_178' title='bbox 317 2498 459 2568; x_wconf 89' lang='lat' dir='ltr'>jussu</span> <span class='ocrx_word' id='word_1_179' title='bbox 503 2498 837 2567; x_wconf 87' lang='lat' dir='ltr'>concinnata,</span> <span class='ocrx_word' id='word_1_180' title='bbox 881 2510 927 2552; x_wconf 89' lang='lat' dir='ltr'>et</span> <span class='ocrx_word' id='word_1_181' title='bbox 969 2498 1307 2572; x_wconf 82' lang='lat' dir='ltr'>promulgata.</span> <span class='ocrx_word' id='word_1_182' title='bbox 1371 2496 1605 2565; x_wconf 85' lang='lat' dir='ltr'>Quatnor</span> <span class='ocrx_word' id='word_1_183' title='bbox 1652 2498 1845 2570; x_wconf 84' lang='lat' dir='ltr'>priores</span> 
     </span>
     <span class='ocr_line' id='line_1_27' title="bbox 123 2590 1849 2664; baseline -0.001 -19"><span class='ocrx_word' id='word_1_184' title='bbox 123 2591 439 2647; x_wconf 87' lang='lat' dir='ltr'>collectiones</span> <span class='ocrx_word' id='word_1_185' title='bbox 500 2591 755 2645; x_wconf 73' lang='lat' dir='ltr'>Antonius</span> <span class='ocrx_word' id='word_1_186' title='bbox 815 2592 1172 2663; x_wconf 70' lang='lat' dir='ltr'>Aztyzcsle&#39;izch,</span> <span class='ocrx_word' id='word_1_187' title='bbox 1234 2593 1461 2664; x_wconf 83' lang='lat' dir='ltr'>quintam</span> <span class='ocrx_word' id='word_1_188' title='bbox 1516 2590 1849 2645; x_wconf 74' lang='lat' dir='ltr'>Innocentius</span> 
     </span>
     <span class='ocr_line' id='line_1_28' title="bbox 128 2683 1845 2759; baseline 0.001 -21"><span class='ocrx_word' id='word_1_189' title='bbox 128 2683 364 2739; x_wconf 73' lang='lat' dir='ltr'>Cironius</span> <span class='ocrx_word' id='word_1_190' title='bbox 414 2687 547 2759; x_wconf 85' lang='lat' dir='ltr'>typis</span> <span class='ocrx_word' id='word_1_191' title='bbox 598 2685 896 2756; x_wconf 85' lang='lat' dir='ltr'>ediderunt,</span> <span class='ocrx_word' id='word_1_192' title='bbox 954 2689 1184 2759; x_wconf 87' lang='lat' dir='ltr'>notisque</span> <span class='ocrx_word' id='word_1_193' title='bbox 1244 2686 1575 2741; x_wconf 86' lang='lat' dir='ltr'>illustrarunt.</span> <span class='ocrx_word' id='word_1_194' title='bbox 1638 2683 1845 2740; x_wconf 88' lang='lat' dir='ltr'>Priores</span> 
     </span>
     <span class='ocr_line' id='line_1_29' title="bbox 124 2776 1845 2854; baseline 0.002 -24"><span class='ocrx_word' id='word_1_195' title='bbox 124 2776 252 2833; x_wconf 78' lang='lat' dir='ltr'>(luae</span> <span class='ocrx_word' id='word_1_196' title='bbox 283 2779 598 2835; x_wconf 90' lang='lat' dir='ltr'>collectiones</span> <span class='ocrx_word' id='word_1_197' title='bbox 629 2780 819 2835; x_wconf 85' lang='lat' dir='ltr'>nullam</span> <span class='ocrx_word' id='word_1_198' title='bbox 847 2782 1193 2835; x_wconf 87' lang='lat' dir='ltr'>auctoritatem</span> <span class='ocrx_word' id='word_1_199' title='bbox 1225 2779 1479 2854; x_wconf 86' lang='lat' dir='ltr'>publicam</span> <span class='ocrx_word' id='word_1_200' title='bbox 1511 2791 1845 2851; x_wconf 84' lang='lat' dir='ltr'>consequutae</span> 
     </span>
     <span class='ocr_line' id='line_1_30' title="bbox 128 2873 1847 2945; baseline 0.002 -20"><span class='ocrx_word' id='word_1_201' title='bbox 128 2883 261 2940; x_wconf 89' lang='lat' dir='ltr'>sunt,</span> <span class='ocrx_word' id='word_1_202' title='bbox 292 2874 654 2945; x_wconf 90' lang='lat' dir='ltr'>posterioribus</span> <span class='ocrx_word' id='word_1_203' title='bbox 686 2874 844 2929; x_wconf 89' lang='lat' dir='ltr'>tribus</span> <span class='ocrx_word' id='word_1_204' title='bbox 889 2873 1162 2929; x_wconf 81' lang='lat' dir='ltr'>Pontifices</span> <span class='ocrx_word' id='word_1_205' title='bbox 1208 2875 1430 2945; x_wconf 82' lang='lat' dir='ltr'>ipsarum</span> <span class='ocrx_word' id='word_1_206' title='bbox 1476 2884 1700 2927; x_wconf 82' lang='lat' dir='ltr'>auctores</span> <span class='ocrx_word' id='word_1_207' title='bbox 1750 2874 1847 2928; x_wconf 85' lang='lat' dir='ltr'>vim</span> 
     </span>
     <span class='ocr_line' id='line_1_31' title="bbox 128 2964 594 3034; baseline 0.009 -16"><span class='ocrx_word' id='word_1_208' title='bbox 128 2964 253 3034; x_wconf 79' lang='lat' dir='ltr'>legis</span> <span class='ocrx_word' id='word_1_209' title='bbox 300 2966 594 3022; x_wconf 87' lang='lat' dir='ltr'>tribuerunt.</span> 
     </span>
    </p>
   </div>
  </div>
 </body>
</html>
