2114 3289
332 91 441 143 260
545 107 639 144 un.
666 106 736 142 ιιι.
765 105 812 142 c,
831 104 883 141 11.
914 104 974 140 DE
1001 105 1158 140 uenus
1187 104 1325 140 EGGL.
1356 103 1564 139 POTEsT.
1593 102 1846 150 sussssscns

240 210 428 280 cludat,
470 210 630 281 legem
673 207 1072 263 amortizationis
1118 225 1215 261 non
1261 206 1446 272 valere,
1490 226 1547 262 eo
1582 205 1715 279 quod
1742 205 1824 260 lex
1854 205 1962 259 fun-

243 304 362 359 data
406 305 456 359 in
509 303 637 357 falsa
681 301 1089 374 praesumptione
1132 299 1253 354 facti
1298 301 1502 354 minime
1547 300 1820 354 subsistit.‘

320 397 425 453 Alii
486 415 601 451 vero
662 393 904 450 Auctores
968 393 1095 449 alias
1156 394 1374 449 rationes
1436 392 1664 462 afferunt,
1727 412 1815 447 cur
1882 392 1965 446 lex

241 491 640 547 amortizationis
703 500 962 561 tamquam
1023 489 1167 543 irrita
1246 499 1292 541 et
1350 487 1528 541 illicita
1586 486 1820 542 habenda
1881 487 1963 542 sit.

241 585 406 640 Facile
451 583 728 640 concedunt
770 583 983 656 imperio
1027 581 1165 636 civili
1206 582 1285 651 jus
1329 591 1720 654 potestatemque
1763 599 1869 635 esse
1905 599 1964 635 ea

238 680 408 735 omnia
452 696 726 746 removere,
771 695 897 749 quae
941 676 1145 731 utilitati
1189 674 1420 749 publicae
1449 674 1648 729 obstare
1677 674 1960 743 videantur,

238 772 514 829 dummodo
560 784 725 827 tamen
768 790 845 826 res
887 771 1017 841 juste
1059 781 1106 824 et
1147 770 1370 840 legitime
1414 779 1610 838 agatur:
1667 787 1764 822 non
1823 770 1957 824 enim

237 867 372 941 quod
417 866 613 922 videtur
654 865 719 920 ad
765 865 951 920 bonum
994 863 1252 937 publicum
1296 863 1563 936 pertinere,
1607 861 1660 915 id
1695 861 1958 918 confestim

238 963 349 1017 fieri
391 972 589 1035 potest3
641 959 769 1015 nihil
830 960 933 1014 imo
996 957 1104 1012 fieri
1165 969 1343 1031 potest,
1405 955 1541 1029 quod
1586 957 1651 1010 sit
1694 956 1954 1026 injustum.

238 1055 394 1128 Atqui
462 1056 601 1126 ajunt
661 1073 772 1108 eam
832 1053 1017 1123 legem,
1079 1071 1178 1125 qua
1242 1069 1413 1107 omnes
1473 1062 1520 1105 et
1578 1051 1763 1120 singuli
1826 1051 1958 1104 cives

239 1162 465 1205 vetantur
507 1147 702 1222 aliquid
747 1148 996 1202 bonorum
1040 1164 1245 1201 suorum
1289 1144 1530 1200 Ecclesiis
1567 1142 1816 1217 Locisque
1854 1141 1964 1199 Piis

238 1245 497 1315 religionis
540 1255 586 1298 et
629 1243 828 1316 pietatis
873 1260 1023 1296 causa
1067 1241 1276 1308 donare,
1321 1259 1418 1295 non
1463 1238 1613 1294 modo
1648 1239 1865 1294 alienam
1892 1238 1957 1293 ab

233 1359 291 1395 ea
335 1338 699 1405 moderatione,
744 1355 842 1408 qua
903 1337 952 1390 in
1015 1334 1311 1408 imperando
1373 1332 1665 1389 adhibenda
1713 1344 1806 1402 est,
1866 1332 1954 1387 sed

233 1436 384 1489 etiam
427 1433 668 1503 injustam
712 1449 839 1498 esse,
884 1442 987 1484 tum
1031 1429 1204 1483 habita
1251 1430 1443 1483 ratione
1505 1429 1711 1496 civium,
1776 1428 1960 1500 quibus

233 1549 435 1585 suarum
483 1547 648 1583 rerum
693 1527 744 1581 in
786 1528 897 1601 pias
942 1545 1118 1580 causas
1164 1523 1590 1579 trasferendarum
1635 1524 1794 1578 libera
1823 1535 1961 1597 pote-

234 1637 334 1680 stas
379 1624 641 1691 adimitur,
706 1634 807 1677 tum
869 1633 999 1676 certe
1058 1620 1231 1674 habita
1295 1621 1485 1674 ratione
1545 1617 1819 1687 Ecclesiae,
1876 1618 1957 1672 cui

231 1718 591 1792 impedimento
637 1728 729 1784 est,
773 1716 1041 1788 quominus
1083 1715 1192 1784 jure
1237 1712 1532 1785 acquirendi
1575 1724 1620 1766 et
1665 1711 1957 1785 possidendi

232 1813 329 1867 frui
376 1813 552 1886 possit,
598 1810 733 1884 quod
778 1809 982 1882 quidem
1033 1809 1112 1879 jus
1157 1808 1474 1881 apertissime
1519 1807 1583 1862 ad
1645 1825 1755 1860 eam
1809 1808 1960 1880 perti-

235 1927 348 1962 nere
393 1907 498 1977 jain
542 1905 1019 1960 demonstravimus,

312 2003 369 2057 Id
414 2005 618 2076 iusuper
660 2013 733 2055 est
759 2000 1014 2055 Ecclesiae
1058 2000 1279 2054 libertati
1307 2000 1712 2071 immunitatique
1755 2010 1952 2053 contra-

233 2102 381 2154 rium.
437 2096 685 2166 Piri-hing
713 2097 762 2150 in
791 2096 1011 2168 quinque
1055 2095 1214 2150 libros
1267 2093 1607 2148 Decretalium
1659 2092 1723 2147 ad
1768 2095 1843 2149 tit.
1890 2093 1951 2147 de

231 2191 686 2249 Constitutionibus
738 2202 857 2245 sect.
907 2193 939 2243 ΞΖ
983 2185 1027 2260 §-
1077 2192 1134 2244 2:
1186 2189 1311 2254 Illa)
1367 2190 1566 2259 inquit,
1611 2198 1726 2240 sunt
1776 2199 1955 2242 contra

229 2291 513 2343 libertatem
579 2284 927 2338 Ecclesiarum-
980 2297 1024 2338 ec
1085 2301 1428 2356 personarum
1501 2282 1957 2336 ecclesiasticarum

223 2402 320 2456 per
361 2401 489 2453 quac
533 2398 634 2433 non
678 2390 876 2432 tantum
920 2379 1183 2433 violantur
1227 2378 1509 2450 privilcyict
1562 2377 1686 2450 ipsis
1728 2394 1961 2431 concessa

224 2479 351 2551 jure
402 2474 660 2529 communi
715 2473 956 2545 positive,
1008 2476 1108 2527 sive
1171 2473 1439 2539 canonicO,
1502 2472 1604 2525 sire
1648 2471 1813 2538 civili,
1875 2472 1962 2525 scd

231 2576 405 2643 etiarn,
448 2573 552 2626 imo
596 2570 754 2624 multo
814 2570 997 2640 maffiS,
1036 2589 1132 2641 per
1173 2589 1302 2641 quae
1356 2570 1669 2641 auferuntur
1719 2568 1961 2621 Ecclesiis

231 2684 274 2724 et
319 2666 665 2723 ecclesiasticis
700 2664 933 2737 personis
970 2664 1125 2738 jura)
1152 2665 1431 2737 quaeipsis
1460 2665 1587 2738 jure
1630 2664 1831 2729 divino)
1875 2680 1962 2717 seu

232 2763 462 2818 naturali
517 2773 562 2815 cc
604 2760 833 2831 {sevitium
878 2771 1186 2831 competunt,
1215 2759 1316 2813 sive
1362 2778 1439 2828 ea,
1483 2778 1610 2830 quac
1662 2758 1787 2830 ipsis
1830 2776 1962 2810 com-

229 2859 409 2912 munia
467 2867 583 2910 sunt
634 2874 748 2909 cum
790 2855 909 2909 aliis
952 2854 1188 2909 membris
1231 2854 1541 2926 reipublicae
1587 2854 1743 2908 eciam
1785 2852 1952 2908 laicis,
